5409 6309
1426 1245 1625 1362 tcvln.

905 1500 1374 1588 cracoviae-dte
1399 1501 1481 1589 20
1505 1499 1805 1622 thrrcorit
1819 1495 1960 1585 1432
1972 1518 2139 1584 anno.
2281 1436 2285 1442 ¹

572 1665 576 1672 -
694 1723 989 1799 vladislaus
1023 1723 1090 1794 Rex
1123 1720 1268 1796 roiano
1298 1723 1490 1795 concretum
1520 1700 1753 1814 permutationis
1787 1719 1967 1794 tinentiae
1995 1720 2027 1793 ir
2054 1720 2182 1794 ciritrts
2210 1722 2350 1790 Jasleaei

695 1834 728 1904 st
740 1830 881 1905 villarum
895 1829 1036 1896 Zlotnilci
1052 1827 1086 1897 ot
1099 1826 1246 1893 Kramccc
1259 1824 1339 1897 lnior
1352 1823 1738 2010 maffitll),pom
1753 1825 1786 1895 cl
1800 1822 1973 1913 Procopium
1994 1819 2032 1894 do
2054 1823 2207 1891 Crulowc
2230 1823 2346 1897 &tim

797 2137 1052 2224 Wladislaus
1074 2136 1143 2220 dei
1163 2136 1309 2248 gracia
1330 2135 1423 2221 Rex
1452 2134 1624 2221 Polonie
1659 2133 1977 2248 L'ithoanieque
2011 2134 2208 2245 princeps
2246 2163 2346 2245 sup-

698 2285 866 2371 premus
889 2268 930 2340 et
949 2256 1071 2340 heres
1093 2255 1244 2341 Russie
1267 2265 1349 2338 etc.
1383 2254 1685 2367 Significamus
1707 2264 1854 2338 tenore
1873 2254 2153 2364 presencium,
2191 2252 2348 2362 quibus

696 2377 866 2489 erpedit
885 2377 1102 2462 universis.
1155 2371 1378 2474 Quomodo
1414 2373 1631 2459 venientes
1668 2375 1723 2457 sd
1758 2382 1957 2476 nostram,
1997 2371 2350 2484 prelatorumque,
2403 2465 2407 2472 ¹

696 2500 900 2582 baronum
919 2506 961 2578 et
980 2505 1166 2581 tutorum
1187 2502 1422 2580 nostrorum
1443 2495 1710 2603 presenciam
1731 2495 1889 2575 strenui
1910 2502 1953 2576 et
1971 2491 2135 2577 nobiles
2156 2489 2348 2575 Marcus·

696 2618 781 2700 sius
804 2615 855 2696 de
873 2613 1005 2726 popeij
1026 2610 1279 2696 castellanus
1302 2609 1473 2696 ortensis
1496 2614 1563 2725 (²),
1605 2612 1841 2696 aduocatos
1878 2621 2023 2697 noster
2057 2611 2102 2693 in
2138 2607 2276 2693 Jcsslo
2298 2640 2351 2695 ex

697 2763 793 2838 una,
815 2743 859 2816 et
878 2734 1103 2843 procopius
1127 2730 1181 2813 de
1200 2727 1403 2813 Crczlosoo
1425 2728 1480 2845 (³)
1501 2742 1624 2841 parte
1648 2761 1698 2815 ex
1720 2732 1850 2814 altera
1869 2729 2015 2814 fideles
2037 2731 2167 2814 nostri
2198 2726 2349 2832 dilecti,

596 2857 601 2868 '
696 2857 823 2937 talem
853 2853 960 2936 inter
981 2877 1029 2934 se
1048 2876 1125 2961 pro
1145 2847 1267 2934 bonis
1290 2876 1431 2934 eorum
1452 2850 1726 2963 infrascriptis
1748 2849 2010 2958 hereditarijs
2031 2847 2220 2932 fecerunt
2236 2849 2348 2934 ordi·

695 2975 928 3072 accionem,
964 2970 1046 3056 sic.
1065 2968 1262 3053 videlicet
1297 2970 1413 3080 quod
1433 2967 1622 3079 prefatus
1644 2970 1902 3054 Marcussius
1933 2970 2211 3053 aduocsciam
2227 2994 2348 3050 suam
2387 3043 2394 3060 ,

694 3092 927 3203 predictam
946 3090 991 3171 in
1016 3084 1189 3199 chspel
1207 3085 1273 3202 (⁴),
1306 3088 1431 3199 opido
1452 3099 1595 3174 nostro
1615 3090 1752 3201 regali
1786 3090 1830 3171 in
1852 3088 2045 3173 districtu
2064 3086 2274 3197 Byecensi
2294 3088 2351 3170 si-

697 3226 754 3314 to,
774 3240 870 3294 cum
893 3211 1005 3298 omni
1013 3207 1122 3318 jure,
1144 3205 1326 3291 dominio
1349 3217 1393 3291 et
1412 3211 1667 3319 proprietate
1691 3216 1818 3317 prout
1845 3208 1961 3292 solus
1982 3208 2119 3291 tenuit
2140 3216 2183 3290 et
2202 3205 2351 3289 habuit

697 3329 800 3413 nihil
820 3332 969 3413 horum
982 3327 1102 3438 juris,
1125 3325 1294 3437 dominij
1317 3336 1361 3409 et
1379 3330 1646 3437 proprietatis
1673 3355 1748 3439 pro
1770 3355 1816 3411 se
1837 3327 1906 3410 uel
1926 3330 2012 3411 suis
2034 3324 2349 3410 successoribus

699 3452 742 3534 in
763 3450 911 3534 eodem
931 3449 1099 3556 penitus
1119 3447 1390 3550 reseruando‚
1424 3448 1514 3557 jam
1553 3448 1667 3532 dicto
1702 3446 1904 3559 procopio
1924 3474 2000 3557 pro
2023 3445 2113 3557 alijs
2134 3444 2256 3543 bonis
2276 3472 2353 3526 seu

700 3570 805 3654 villis
828 3569 917 3678 ejus
938 3563 1140 3676 clotdnylcy
1161 3575 1205 3647 et
1223 3564 1399 3649 kromczc
1418 3569 1461 3648 in
1483 3568 1675 3650 districtu
1694 3567 1955 3652 tanczinensi
1969 3564 2214 3676 jacentibus
2236 3564 2350 3645 simi-

701 3689 795 3773 liter
816 3717 912 3770 curn
935 3685 1070 3769 tocius
1085 3685 1203 3792 juris,
1227 3683 1397 3792 dominij
1431 3685 1499 3769 vel
1518 3688 1785 3798 proprietatis
1807 3684 2066 3796 plenitudine
2100 3686 2189 3788 rite,
2216 3681 2352 3767 racio·

700 3807 892 3891 nobiliter
913 3805 1014 3887 etin
1036 3813 1286 3912 perpetuum
1321 3807 1603 3912 pernoctavit,
1640 3804 1996 3917 supplicacionem
2017 3802 2253 3888 celsitudini
2273 3828 2351 3887 no·

702 3936 785 4009 stre
796 3924 1003 4008 humiliter
1013 3922 1230 4025 etdeuote,
1241 3921 1362 4038 (sicli)
1373 3934 1583 4035 quatenus
1595 3926 1646 4008 de
1656 3927 1802 4008 innata
1811 3921 1933 4008 nobis
1945 3923 2179 4008 clemencia
2195 3924 2353 4005 dictam

700 4042 1045 4158 permuttacionis
1067 4051 1333 4125 contractum·
1365 4043 1509 4153 ipsius.
1541 4045 1774 4130 aduocsoie
1791 4046 1831 4126 in
1854 4040 1992 4125 Jossel
2011 4040 2109 4159 (sic)
2132 4042 2352 4127 admittere

698 4169 742 4251 in
762 4167 987 4276 ipsumque
1027 4161 1274 4272 procopium
1296 4164 1502 4246 assentire
1522 4162 1706 4275 benigne
1729 4164 2010 4276 dignaremur.
2044 4158 2235 4261 Quorum
2255 4170 2350 4244 tan·

703 4287 797 4369 dem
836 4280 1031 4396 precibus
1071 4280 1197 4364 velud
1219 4278 1316 4394 (sic)
1331 4283 1457 4392 justis
1494 4293 1536 4365 et
1571 4262 1758 4369 honestis
1791 4281 1843 4366 de
1865 4282 2040 4398 consilio
2080 4281 2351 4393 prelatorum,

805 4521 846 4602 (Ι)
868 4519 997 4586 Literas
1026 4515 1186 4585 Vladislai
1216 4515 1318 4602 Regis
1343 4540 1443 4604 super
1470 4517 1641 4584 advocatia
1668 4519 1702 4583 in
1729 4516 1842 4586 Jasslo
1872 4540 1913 4583 ex
1934 4516 2026 4584 libris
2049 4514 2220 4584 Tabularii
2246 4513 2358 4601 Regni·

707 4604 862 4769 Polonppp
873 4601 1226 4756 Eplcegppllrliegrcppppp&
1242 4602 1339 4670 dictis
1358 4603 1435 4688 [vol.
1453 4607 1491 4670 17
1507 4603 1563 4670 iol.
1583 4606 1671 4685 324).
1693 4604 1771 4672 Ans
1787 4600 2014 4672 Muczkowslri
2029 4602 2212 4690 descripsit.

806 4775 849 4871 p)
859 4776 1035 4922 GKprlczlpwc
1050 4773 1130 4838 villa
1144 4774 1178 4838 in
1192 4775 1327 4859 regione
1343 4774 1421 4840 olim
1436 4773 1640 4853 condacensi,
1661 4773 1882 4841 cracoviensis
1911 4772 2100 4860 provinciae
2116 4772 2237 4855 (lotos
2264 4791 2352 4839 nunc
2423 4748 2428 4756 ’

706 4879 784 4922 vero
804 4881 836 4922 m
894 4881 913 4921 a
938 4880 1011 4924 rcra.

813 4943 850 5024 (⁴)
874 4943 976 5027 lacto,
992 4943 1081 5022 urbs,
1096 4941 1195 5011 hodie
1211 4942 1245 5010 in
1259 4942 1413 5022 Gallicis,
1430 4941 1545 5010 circuli
1563 4944 1613 5010 sui
1629 4942 1769 5012 nominis
1786 4952 1897 5031 caput.
