5409 6309
1371 823 1549 898 -430
1600 861 1646 878 -

661 1039 765 1121 mo.
815 1028 1085 1116 Prosentibus
1115 1025 1374 1113 Reverendis
1403 1024 1595 1134 patribus
1635 1032 1678 1107 et
1720 1023 1909 1128 dominis,
1940 1051 2020 1107 nec
2049 1050 2132 1110 oon
2161 1022 2330 1137 Magniss

683 1154 775 1237 ficis
814 1161 858 1235 et
896 1148 1142 1236 Generosis:
1193 1143 1390 1230 Johauue
1431 1144 1644 1254 Episcopo
1683 1142 2011 1229 Vladislsviensi
2050 1142 2330 1250 cancellario,

683 1271 879 1357 iohanne
912 1270 966 1353 de
997 1267 1161 1349 Brzeaze
1192 1265 1424 1376 Utriusque
1453 1262 1569 1347 luris
1612 1264 1784 1348 doctore
1821 1263 1968 1348 Elscto
1999 1261 2192 1348 Ecclesia
2224 1263 2329 1349 Cra·

683 1416 775 1477 cov.
806 1385 1150 1473 vicecancellario
1190 1384 1327 1494 Regni
1364 1381 1558 1484 Polouic,
1596 1383 1769 1498 Andrse
1808 1367 2031 1467 occiana
2069 1383 2120 1466 do
2162 1380 2331 1493 Sprowc

682 1507 876 1594 Palatino
906 1504 1081 1615 Leopol.
1115 1513 1157 1586 et
1189 1502 1422 1612 Oapitaueo
1454 1502 1618 1605 Russie,
1653 1500 1860 1587 Stenialac
1893 1502 1945 1584 de
1978 1497 2136 1586 Chotecz
2166 1500 2330 1586 Castel-

681 1629 776 1714 lano
805 1626 1048 1735 Leopolien.
1089 1633 1131 1706 et
1162 1623 1396 1730 Oapitaneo
1438 1621 1687 1725 Haliciensi‚
1726 1621 1902 1707 Nicoleo
1941 1620 1994 1704 ds
2024 1619 2189 1706 Bracara
2219 1619 2333 1704 Mar·

682 1748 854 1831 schalcc
887 1747 1023 1857 Regni
1054 1743 1243 1846 Polonie,
1283 1739 1452 1825 Jacobo
1486 1743 1538 1825 de
1569 1740 1751 1823 Dcmbrw
1791 1739 2147 1825 vieethesaurario
2189 1738 2334 1853 Regni

682 1866 876 1967 Polonie‚
913 1862 1090 1949 Nicolao
1122 1858 1347 1970 Pyenoazelc
1388 1860 1439 1942 dc
1491 1857 1742 1971 Wr'jttowr’cze
1773 1858 2091 1946 Succamerario
2126 1867 2168 1942 et
2188 1857 2332 1971 Capi·

682 1995 809 2070 tanco
841 1982 1088 2069 Oracovisu.
1119 1981 1295 2066 Nicolao
1324 1978 1515 2062 Beszuth
1547 1979 1675 2065 Ourie
1705 1989 1847 2063 nostre
1876 1980 2142 2068 Marschalco
2164 2007 2216 2062 ac
2236 1979 2330 2091 alijs

684 2133 814 2217 quam
842 2102 1031 2213 pluribus
1069 2100 1248 2183 testibus
1291 2101 1405 2183 circa
1435 2101 1651 2207 premissa.
1702 2098 1861 2182 Datum
1892 2127 1966 2210 per
1997 2125 2147 2184 manus
2180 2125 2331 2183 eorun-

684 2224 778 2306 dem
808 2223 982 2308 Patrum
1011 2221 1285 2306 Dominorum
1315 2215 1525 2303 Johaunis
1545 2218 1746 2328 Episcopi
1768 2216 1996 2302 Vladislav.
2029 2216 2231 2319 cancell,
2254 2215 2333 2303 Jo-

683 2343 803 2426 annis
834 2342 886 2423 de
918 2340 1083 2425 Brzeaze
1114 2340 1333 2450 utriusque
1364 2336 1479 2422 Juris
1513 2337 1694 2422 doctoris
1724 2338 1861 2423 Electi
1889 2337 2084 2423 Ecclesia
2115 2335 2240 2423 Orac.
2270 2338 2332 2423 vi·

683 2460 968 2570 cecaucellarij
1001 2460 1141 2571 Regni
1169 2457 1355 2561 Polonie‚
1388 2457 1509 2543 nobis
1540 2459 1700 2540 sincero
1733 2456 1991 2543 dilectorum.
2092 2466 2098 2487 ¹

1394 2897 1629 3018 ccxviii

928 3155 1399 3243 cracoviae-«lic
1424 3158 1464 3243 4
1493 3154 1747 3240 octobris
1770 3153 1923 3243 1462
1948 3174 2114 3242 am.

681 3380 842 3457 tessun
855 3376 965 3473 judicii
987 3377 1120 3470 surani
1144 3377 1353 3450 cracoviensis
1374 3376 1405 3449 in
1425 3393 1521 3450 mssa
1542 3395 1582 3449 rx
1601 3377 1676 3450 ari·
1696 3377 1845 3451 rilsrsrst
1866 3347 1921 3469 por
1946 3376 2182 3469 appellationem
2208 3329 2335 3456 lcrolr·

1004 3483 1048 3569 ῑι,
1070 3481 1150 3554 istst
1171 3477 1384 3568 tletsszsrirs
1398 3482 1519 3552 scores
1541 3484 1575 3552 st
1595 3477 2014 3568 transsumpsisse).

785 3691 874 3777 Nos
897 3687 1100 3775 Consules
1122 3716 1196 3773 sex
1213 3689 1443 3774 Oiuitatum
1465 3687 1662 3773 videlicet
1685 3683 1884 3788 Crocoar'e,
1910 3689 2332 3797 Sandecz,Ka2imirie,

683 3807 808 3912 Illas,
830 3809 990 3892 Boclae
1012 3811 1067 3889 et'
1084 3805 1293 3890 Wcliczcze
1314 3808 1369 3890 ad
1391 3807 1625 3889 sedendum
1647 3805 1809 3918 Regale
1832 3808 2047 3894 ludicium
2065 3811 2182 3896 Juris
2197 3812 2334 3896 Maid-

683 3925 906 4041 burgensis
938 3928 980 4008 in
1003 3926 1155 4012 Castro
1179 3924 1451 4010 Cracouiensi
1487 3927 1784 4037 deputatorum
1812 3927 2175 4040 Recognoscimus
2195 3933 2237 4013 in
2259 3959 2336 4041 pa-

682 4049 765 4133 lam
801 4047 1005 4130 uniuersis
1043 4042 1265 4145 Quomodo
1303 4073 1398 4129 curn
1429 4046 1536 4128 inter
1567 4045 1738 4131 Nobiles
1775 4045 1997 4132 Martinam
2030 4059 2073 4133 et
2094 4048 2335 4135 Johannem

683 4165 963 4276 Gedeczskye
984 4165 1159 4250 Aetores
1182 4165 1237 4250 ab
1258 4194 1353 4248 vna.
1378 4176 1421 4246 et
1441 4163 1704 4250 Dobeslaum
1725 4194 1804 4252 suo
1822 4178 1866 4250 et
1880 4167 2144 4254 filiastrorum
2165 4191 2336 4255 suorum

681 4286 919 4372 nominibus
940 4296 1061 4395 parte
1083 4283 1137 4367 ab
1160 4285 1291 4368 altera
1311 4314 1452 4370 coram
1473 4284 1503 4369 J
1507 4286 1643 4370 udicio
1660 4283 1777 4369 luris
1800 4291 1982 4396 supremi
1998 4288 2228 4372 Teutonici
2251 4286 2335 4374 Oa·

683 4409 757 4493 stri
777 4407 1070 4493 Oraoouiensis
1093 4404 1236 4490 Causa
1265 4434 1315 4489 ex
1335 4417 1456 4517 parte
1486 4406 1719 4492 aduocaeis
1753 4405 1998 4517 Pylznensis
2033 4413 2150 4494 mota
2184 4402 2336 4492 fuisset

786 4644 825 4722 (¹)
848 4639 974 4708 Archet
999 4665 1064 4728 pon
1079 4641 1360 4707 membranaceum
1382 4639 1569 4706 monasterii
1596 4639 1834 4723 Stanistcensis
1859 4642 2038 4729 proprium.
2073 4641 2253 4711 Slswiriski
2278 4642 2335 4709 de·

686 4727 819 4811 scripsit
833 4665 1053 4813 apograplron·
1097 4725 1247 4813 Quinque
1270 4737 1347 4792 sunt
1370 4725 1529 4792 taeniolee
1559 4748 1784 4814 pergamenae,
1816 4740 1908 4794 sexta
1937 4726 2150 4794 desideratur.
2186 4727 2334 4815 Sigillum

686 4833 783 4876 unum
799 4822 902 4879 restat
917 4812 1013 4876 tertis
1027 4811 1168 4878 taeniola
1183 4834 1374 4900 appensum,
1390 4835 1455 4876 non
1470 4834 1632 4898 maguum·
1649 4821 1898 4897 repraesentans
1911 4826 2011 4899 caput
2026 4810 2207 4878 diademate
2236 4835 2333 4880 orna·

685 4905 764 4972 tum,
780 4917 820 4960 ex
840 4903 974 4977 utraque
989 4909 1081 4982 parte
1099 4896 1217 4962 multos
1233 4899 1338 4962 crines
1355 4894 1487 4971 habeam
1502 4895 1603 4961 facies
1618 4896 1754 4962 feminae
1769 4896 1908 4978 videtur,
1922 4897 2041 4965 collum
2055 4896 2186 4964 nudum.
2211 4899 2248 4965 In
2263 4921 2331 4969 sm·

686 4980 757 5048 bitu
771 4981 883 5047 rerba:
905 4977 1140 5064 ‚clasma
1162 4980 1323 5049 ClVlVM
1345 4982 1408 5048 DE
1431 4980 1702 5049 castutsslnss’
1847 5047 1858 5068 ,
