5409 6309
1357 830 1535 919 -oro
1587 876 1634 895 -

673 1056 810 1167 ipsum
831 1063 874 1136 et
896 1052 983 1136 eins
1007 1069 1272 1131 successores
1304 1073 1329 1128 a
1351 1043 1545 1158 qualibet
1574 1066 1756 1154 persona
1777 1035 1808 1122 J
1810 1035 1896 1121 nris
1916 1029 2069 1120 ordine.
2081 1031 2227 1119 merite
2249 1031 2324 1118 de·
2419 1113 2424 1122 .

674 1170 793 1258 bebit
813 1169 1063 1253 interuenire
1085 1176 1127 1250 et
1147 1167 1418 1277 indempnem
1439 1160 1538 1278 (sic)
1558 1157 1746 1245 reddere.
1794 1155 1903 1242 Cum
1923 1162 2067 1239 autem
2088 1155 2177 1263 ipse
2197 1180 2323 1240 secus
2357 1231 2362 1242 .

521 1339 527 1354 ·
672 1290 836 1393 fecerit,
855 1289 1022 1372 Extunc
1052 1286 1355 1397 quodcumque
1376 1283 1608 1393 dampnum
1628 1278 1748 1362 Idem
1770 1276 1962 1362 dominus
1982 1274 2194 1360 Nicolaus.
2214 1274 2325 1361 foret

672 1408 821 1493 exinde
861 1415 1102 1508 assecutus,
1132 1404 1213 1488 hec
1235 1405 1374 1489 omnia
1397 1403 1581 1510 dampna
1599 1402 1643 1482 in
1662 1399 1801 1509 ipsum
1821 1393 2085 1480 Mareissium
2107 1393 2323 1482 debebunt

671 1528 937 1613 reddundare
947 1523 1058 1636 (sic).
1068 1521 1118 1607 In
1128 1524 1314 1607 cuiusrei
1325 1521 1609 1607 testimoninm
1619 1527 1662 1601 et
1672 1515 1885 1602 meliorem
1896 1512 2171 1620 enidenciam,
2179 1519 2324 1599 nostra

670 1646 935 1760 presentibus
957 1645 1094 1755 sigilla
1115 1651 1214 1725 sunt
1235 1668 1448 1752 appensa*
1468 1639 1628 1723 Datum
1651 1633 1876 1719 Sebidlour'e
1894 1633 1999 1718 feria
2016 1633 2207 1718 secunda
2222 1660 2326 1744 pro·

671 1768 784 1850 xima
804 1775 901 1875 post
921 1759 1116 1849 octavam
1139 1759 1286 1847 Sancti
1306 1759 1337 1844 d
1339 1760 1513 1845 ohannis
1536 1755 1750 1868 Baptist'e‚
1778 1754 1901 1868 Anno
1924 1751 2080 1837 domini
2100 1751 2323 1838 Millesimo

673 1883 1089 1996 quadringentesimo
1121 1890 1272 1966 octavo
1303 1879 1576 1965 Presentibus
1607 1877 1688 1986 hijs
1717 1876 1900 1960 testibus
1919 1870 2143 1959 Nobilibus
2163 1873 2261 1957 viris
2282 1881 2326 1956 et

673 2004 849 2089 dominis
870 2001 1086 2102 daschone
1108 2000 1161 2084 de
1183 1996 1346 2100 labano,
1368 1998 1586 2084 daschone
1607 1995 1659 2079 de
1683 1991 1870 2080 Crunow.
1901 1992 2124 2078 Paschone
2146 1991 2198 2073 de
2220 1990 2323 2077 Tbe-

673 2134 833 2224 resson,
855 2121 1024 2205 henrico
1046 2121 1097 2202 de
1117 2118 1293 2222 ibidem,
1325 2118 1539 2205 Stanislao
1562 2116 1614 2200 de
1644 2111 1879 2214 Wirzbr'ezo,
1917 2110 2140 2199 Prothsleo
2162 2092 2324 2195 de'Ibi-

675 2241 770 2325 dem
789 2240 1016 2324 heredibus
1038 2249 1080 2322 et
1102 2238 1192 2348 alijs
1214 2266 1342 2350 quam
1363 2238 1550 2350 plurimis
1571 2233 1810 2345 fidedignis.
1921 2245 1927 2254 '

933 3003 1267 3101 cracoviae,
1293 3004 1386 3090 dte
1410 2987 1480 3091 lo
1497 2999 1723 3106 Anauni
1745 3000 1886 3090 1412
1913 3020 2079 3088 anno.

568 3168 580 3195 ⁸
710 3187 1004 3318 unornane
1025 3243 1146 3335 urguo
1166 3243 1310 3332 naun
1330 3243 1434 3346 rope
1451 3201 1621 3317 ἐωαωῑω
1640 3240 1833 3334 mnodum
1847 3239 1929 3335 sun
1941 3240 2091 3317 enno
2109 3237 2240 3335 annm
2253 3242 2326 3353 tt

744 3455 745 3462 Ν
773 3468 825 3554 In
844 3470 1010 3554 nomine
1038 3460 1209 3553 Domini
1231 3465 1383 3552 Amen.
1433 3466 1504 3552 Ad
1537 3477 1786 3580 perpetuam
1812 3468 1874 3551 rei
1900 3469 2158 3567 memoriam.
2210 3462 2323 3568 Quia

672 3601 776 3675 tunc
794 3588 935 3673 multis
958 3615 1142 3673 errorum
1162 3595 1205 3669 et
1225 3586 1448 3672 dubiorum
1474 3587 1750 3675 incommodis
1786 3588 2015 3697 prudenter
2051 3588 2320 3694 occurrimus,

673 3709 774 3793 dum
789 3717 921 3820 gesta
956 3708 1080 3792 etatis
1114 3716 1255 3792 nostre
1289 3707 1501 3791 literarum
1537 3706 1729 3818 apicibus
1765 3713 1808 3789 et
1841 3706 2012 3791 testium
2046 3707 2318 3792 annotatione
2346 3772 2348 3776 ·

671 3828 992 3937 perhennamus,
1012 3826 1191 3910 Proinde
1211 3826 1253 3920 N
1255 3853 1301 3911 os
1321 3824 1560 3912 Vladislaus
1595 3826 1680 3911 Dei
1715 3826 1854 3946 gnatia
1880 3826 1974 3913 Rex
1992 3825 2191 3939 ¹Poloniae
2210 3824 2319 3936 Lyt-

673 3945 915 4053 huanieque
942 3943 1146 4054 Princeps
1169 3944 1399 4055 Supremus
1423 3954 1467 4029 et
1485 3947 1621 4032 Heres
1642 3943 1796 4030 Russie
1818 3944 1915 4031 etc.'
1932 3945 2235 4058 Significamus
2255 3955 2321 4030 te·
2405 4025 2423 4044 ,

673 4092 775 4150 nore
796 4065 1062 4175 presencium
1084 4064 1239 4173 quibus
1260 4065 1432 4173 expedit
1451 4066 1656 4172 universis
1676 4060 1944 4175 presentibus
1967 4074 2010 4149 et
2027 4064 2193 4172 firturis,
2222 4093 2320 4177 pre·

673 4186 863 4269 sennium
882 4183 1081 4296 noticiam
1102 4182 1330 4270 habituris:
1365 4180 1491 4286 Quod
1514 4187 1732 4296 cupientes
1754 4186 1936 4270 civitatis
1955 4194 2097 4270 nostre
2118 4183 2322 4269 Noverun-

675 4304 764 4390 deoz
784 4301 839 4421 (²)
860 4303 1151 4390 condicionem
1172 4332 1337 4390 exnunc
1358 4304 1451 4389 fieri
1469 4306 1702 4410 meliorem,
1732 4305 1908 4419 ejusque
1937 4302 2259 4417 oppresionibus
2280 4310 2323 4390 et

676 4640 699 4707 k
752 4559 816 4710 εἰς)
838 4558 892 4625 Ex
906 4558 1087 4647 archetypo
1112 4558 1148 4625 in
1171 4556 1333 4624 tabulario
1357 4557 1450 4626 urbis
1476 4557 1586 4626 Novae
1613 4527 1795 4626 Sandeoiee
1821 4551 2003 4641 asservato,
2036 4556 2211 4646 descripsit
2233 4505 2323 4645 hep·

700 4663 751 4707 ow
790 4665 812 4707 ι.

781 4728 1049 4807 (²)Ann01412.
1071 4725 1258 4796 Vladislaus
1286 4752 1344 4795 rex
1364 4727 1481 4795 habuit
1495 4728 1608 4797 Novae
1634 4726 1814 4798 Sandeoiae
1840 4724 2040 4812 colloquium
2062 4748 2137 4795 eum
2151 4727 2323 4800 senario

677 4810 758 4878 duce
774 4808 940 4877 Maeoniae
954 4822 987 4878 et
1001 4812 1210 4902 Sigismundo
1229 4811 1389 4884 Coributo
1406 4837 1483 4903 rege
1497 4814 1685 4892 Bohemiae,
1715 4836 1790 4880 cum
1811 4813 1948 4882 ducibus
1978 4811 2115 4882 Silesiae
2143 4823 2177 4880 et
2203 4812 2324 4902 legatis

514 4945 522 4968 ,
675 4893 883 4981 imperatoris
897 4898 1115 4966 Romanorum
1140 4897 1350 4987 Sigismundi.
1367 4898 1461 4969 Nova
1474 4899 1639 4981 sedecia,
1654 4899 1733 4970 urbs
1747 4898 1979 5006 cracoviensis
1993 4897 2194 4998 provinciae,
2222 4896 2321 4967 hodie

677 4981 712 5048 in
725 4979 876 5050 Gallicie.
