5409 6309
1391 806 1444 830 ..
1501 769 1572 852 to!
1624 810 1671 830 ..

692 996 761 1053 ras
784 972 994 1085 quasdam
1015 997 1141 1082 super
1162 970 1352 1084 generali
1370 972 1553 1054 transitu
1575 979 1617 1053 et
1639 970 1909 1081 deposicione
1930 970 2155 1078 mercium,
2186 1003 2240 1058 ac
2262 973 2387 1062 alia·-

692 1115 786 1171 rum
805 1118 945 1172 rerum
967 1089 1267 1194 exhibuerunt,
1303 1090 1400 1174 olim
1436 1118 1463 1171 a
1484 1087 1759 1174 Serenissimo
1790 1089 1981 1199 principe
2003 1090 2173 1176 domino
2195 1091 2363 1178 Vence·

604 1204 607 1211 ’
692 1204 782 1289 slao
803 1205 926 1316 Rege
948 1205 1165 1311 Bohemie,
1187 1206 1466 1294 Oracouiensi
1483 1214 1526 1289 et
1540 1205 1875 1292 Sandomiriensi
1892 1205 2013 1309 duce,
2028 1207 2364 1323 Marchioneque

692 1320 879 1404 Morauie
902 1334 983 1406 etc.
1015 1325 1319 1433 predecessore
1339 1333 1485 1408 nostro
1506 1317 1639 1405 felicis
1660 1326 1858 1408 memorie
1880 1323 1982 1431 ipsis
2005 1351 2056 1405 ac
2078 1325 2240 1435 prefate
2261 1328 2365 1411 ciui·

692 1440 771 1519 tati
791 1443 1042 1547 oppauiensi
1063 1470 1311 1547 concessas,
1332 1439 1480 1545 sanas,
1499 1441 1705 1554 integrae,
1727 1468 1812 1530 non
1833 1438 2106 1546 cancellatas,
2127 1470 2364 1547 nonnanes,
2409 1523 2413 1529 ,

592 1559 603 1584 '
691 1581 840 1637 verum
861 1562 973 1648 omni
993 1560 1102 1643 vicio
1126 1570 1169 1641 et
1189 1562 1430 1670 suspicione
1466 1585 1637 1667 prorsus
1675 1568 1888 1660 carentes,
1924 1559 2211 1668 supplicantes
2243 1562 2364 1645 nobis
2430 1597 2439 1610 ·

692 1697 791 1760 oum
813 1677 927 1760 omni
947 1678 1202 1781 hnmilitate,
1223 1678 1425 1788 quatinus
1444 1674 1635 1785 prefatas
1670 1676 1835 1782 literas,
1865 1677 1926 1762 sic
1945 1686 1996 1758 ut
2014 1677 2266 1785 premissum
2288 1671 2365 1782 esi,

691 1789 797 1898 ipsis
819 1815 1046 1876 concessas
1066 1795 1291 1900 ratificare,
1311 1798 1537 1897 innouare,
1560 1794 1812 1904 approbare,
1834 1802 1878 1874 et
1897 1795 2365 1905 graciose-confirmare

695 1905 977 2016 dignaremur.
1031 1907 1221 2009 Quarum
1258 1913 1431 2024 quidem
1464 1912 1677 1995 literarum
1719 1921 1840 1995 tenor
1872 1911 1924 1992 de
1954 1912 2087 1995 verbo
2110 1912 2365 2013 adverbum

695 2026 888 2135 sequitur
908 2036 953 2107 et
973 2038 1038 2110 est
1058 2030 1166 2112 talis:
1803 2033 1811 2052 '
2207 2023 2210 2030 ’

727 2257 730 2276 μ
824 2231 826 2238 s
899 2160 994 2244 Nos>
1011 2162 1364 2250 Venceslausdei
1384 2164 1534 2276 gracia
1555 2161 1649 2246 Rex
1668 2161 1874 2246 Bohemie
1897 2160 1983 2246 dux
2004 2160 2301 2248 Oracoviensis
2323 2177 2366 2247 et
2497 2256 2502 2264 ,

716 2349 722 2360 .
798 2272 1169 2384 Sandomiriensis,
1188 2280 1468 2394 Marchioque
1490 2279 1701 2390 Morauie,
1741 2289 1887 2363 tenore
1928 2282 2195 2390 presencium
2217 2292 2365 2372 notum

664 2497 668 2502 .
797 2387 975 2508 facimus
997 2402 1204 2486 universis
1226 2410 1314 2507 tam
1334 2398 1603 2507 presentibus
1627 2426 1757 2507 quam
1778 2397 1942 2480 futuris.
2006 2393 2133 2495 Quod
2165 2425 2241 2481 nos
2265 2399 2365 2482 dile·

699 2594 702 2600 .
797 2518 888 2594 ctos
910 2513 1027 2596 ciues
1047 2526 1215 2599 nostros
1239 2518 1292 2599 de
1316 2516 1501 2628 Oppcnio
1518 2517 1571 2632 (²)
1604 2524 1915 2627 prosequentes
1937 2511 2082 2596 fauore
2104 2511 2301 2599 beniuolo
2324 2511 2383 2599 et'
2482 2513 2486 2518 ’

651 2711 656 2720 ,
759 2703 761 2710 ,
800 2628 1061 2740 gratitudine
1082 2634 1275 2744 speciali,
1313 2634 1475 2716 eisdem
1497 2633 1664 2716 ciuibus
1688 2634 1839 2715 nostris
1861 2631 2151 2716 fauorabiliter
2174 2632 2365 2722 ducimus

693 2747 700 2756 ’
798 2747 1137 2856 concedendum,
1159 2753 1277 2860 quod
1298 2752 1341 2842 in
1361 2751 1456 2857 ipsa
1477 2751 1649 2833 ciuitate
1675 2747 1866 2858 Oppcuia
1879 2746 2062 2858 plumbi,
2082 2747 2180 2854 vini,
2201 2777 2365 2856 panno·

530 2884 534 2894 ¹
574 2879 579 2912 ³
662 2910 665 2915 ·
713 2959 716 2964 Ι
796 2888 911 2966 rum,
933 2866 1032 2948 salis
1056 2879 1100 2950 et
1120 2869 1295 2951 aliarum
1317 2869 1502 2950 omnium
1524 2870 1746 2968 mercium,
1783 2894 1964 2976 quarum
1994 2865 2151 2948 ibidem
2183 2893 2364 2974 generas

796 2977 880 3061 lem
900 2987 1124 3070 transitum
1147 2984 1659 3094 statuimusdeposicioni
1680 2982 1798 3093 quod
1817 2981 2036 3093 Nijderlag
2065 2965 2279 3091 ivlgarite'r
2301 2984 2364 3070 di·

692 3165 695 3170 .
728 3167 744 3210 .·
797 3097 905 3184 citur
925 3129 999 3210 per
1019 3105 1204 3186 triduum
1226 3103 1280 3184 de
1302 3111 1445 3186 cetero
1467 3099 1690 3202 habeatur,
1706 3102 1767 3181 ita
1786 3101 1904 3209 quod
1926 3126 2180 3212 quecunque
2200 3127 2365 3186 merces

755 3237 761 3244 ·
797 3215 853 3296 ad
882 3220 1020 3328 ipsam
1052 3222 1270 3312 ciuitatem
1300 3220 1493 3304 venerint
1525 3229 1643 3302 extra
1676 3245 1769 3300 eam
1799 3214 1909 3300 infra
1928 3226 2016 3298 tres
2040 3217 2129 3298 dies
2152 3215 2256 3298 alias
2280 3245 2366 3302 non

678 3333 700 3380 ·'
799 3330 1020 3420 ducantur.
1052 3339 1104 3421 ln
1124 3340 1246 3447 cujus
1266 3338 1327 3420 rei
1347 3338 1635 3420 testimonium
1655 3341 1874 3444 presentes
1894 3335 2036 3417 literas
2058 3333 2161 3438 fieri,
2186 3346 2228 3416 et
2249 3335 2364 3445 sigil-
2469 3383 2472 3386 -

725 3447 732 3472 ⁶
795 3444 930 3532 lorum
951 3464 1189 3539 nostrorum
1209 3456 1440 3564 munimine
1458 3451 1636 3560 fecimus
1656 3452 1884 3536 liberaliter
1904 3452 2163 3559 communirj.
2203 3452 2364 3534 Datum

796 3563 936 3650 Brona
958 3571 1013 3685 (³)
1034 3600 1111 3684 per
1142 3598 1293 3656 manus
1323 3571 1519 3684 Magistri
1550 3570 1758 3654 dohannis
1782 3567 1979 3655 Sacensis
1999 3570 2225 3679 prepositi,
2265 3596 2363 3679 pro·

796 3685 1025 3796 thonota'rji
1045 3690 1177 3774 nostri
1197 3690 1386 3775 Moranie
1408 3717 1518 3774 anno
1542 3688 1700 3776 domini
1719 3687 1938 3774 millesimo
1976 3687 2266 3772 ducentesimo
2287 3712 2365 3772 no·

798 3807 1022 3912 nogesimo
1060 3797 1178 3891 sexto
1215 3807 1379 3892 decimo
1417 3815 1570 3892 octavo
1605 3808 1813 3894 kalendas
1847 3804 2102 3909 decembrio,
2138 3804 2364 3887 indicionis

802 3918 976 4006 decime.

586 4149 589 4157 .
855 4063 944 4148 Nos
964 4067 1112 4182 itaque
1131 4071 1319 4180 ipsorum
1339 4067 1537 4176 precibus
1556 4055 1765 4175 inclinati,
1797 4069 2154 4178 attendentesque
2175 4067 2365 4176 ipsorum

691 4177 928 4285 peticiones
951 4212 1044 4270 esse
1063 4187 1278 4290 honestas,
1304 4188 1438 4272 iustas
1460 4198 1504 4269 et
1521 4190 1803 4276 racionabiles
1825 4188 1884 4272 ob
1902 4183 2045 4270 fidelia
2068 4210 2214 4267 eorum
2232 4182 2366 4266 serni·

693 4295 770 4401 cia,
789 4298 945 4410 quibus
967 4329 1015 4387 se
1034 4305 1157 4390 nobis
1179 4316 1223 4389 et
1242 4305 1619 4416 predecessoribus
1636 4307 1790 4391 nostris
1813 4315 1857 4397 et
1878 4303 2045 4388 Corone
2066 4309 2209 4386 nostre
2231 4298 2369 4384 bohe-
2436 4405 2440 4412 ὓ

574 4447 576 4454 '
693 4416 773 4500 mie
793 4423 1015 4506 memorati
1037 4423 1153 4510 ciues
1173 4432 1346 4533 paratos
1368 4448 1535 4534 semper
1559 4437 1601 4508 et
1620 4432 1839 4535 promptos
1860 4421 2161 4522 exhibuerunt,
2176 4420 2364 4526 ipsorum

692 4529 988 4640 hujuscemodi
1015 4540 1160 4625 literas
1192 4543 1245 4630 de
1275 4544 1572 4668 nostraregia
1591 4542 1858 4654 benignitate
1878 4549 2086 4650 tanquam
2107 4535 2202 4620 Rex
2221 4533 2367 4618 Bohc·
2470 4615 2476 4620 .
2529 4553 2534 4560 “

797 4886 847 4969 θ)
897 4907 982 4970 m,

588 4905 593 4910 μ
719 4765 722 4770 ¹
797 4801 841 4883 (²)
861 4798 888 4865 0
912 4799 1189 4967 awa'wioe
1209 4802 1371 4889 Troppau,
1386 4801 1466 4866 urbs
1483 4804 1665 4902 superioris
1681 4802 1834 4886 Silecine,
1849 4799 1927 4870 olim
1941 4798 2207 4883 maanus

1142 4887 1271 4970 Bm,
1284 4886 1457 4956 Marruca
1472 4896 1585 4970 bapti.
1700 4905 1703 4912 '
