5409 6309
1021 860 1142 937 ,·-“
1183 851 1257 926 313
1308 887 1357 907 -

396 1063 598 1166 perpetuo
619 1055 858 1141 liberamus.
911 1054 1135 1151 Caeterum
1176 1056 1288 1139 dioto
1308 1053 1553 1162 Praeposito
1574 1063 1617 1138 et
1636 1052 1857 1142 Sororibus
1879 1088 1930 1143 ac
1949 1061 2042 1148 Mo-

285 1228 287 1241 ·
397 1177 579 1263 nasterio
600 1206 651 1261 ex
673 1176 811 1287 gratia
846 1177 1115 1260 concedimus
1150 1174 1324 1284 speciali
1359 1172 1476 1258 villas
1506 1175 1549 1255 in
1571 1175 1759 1260 dominiis
1780 1185 1822 1259 et
1843 1182 2041 1289 granieiis

397 1296 528 1406 ipsius
548 1284 791 1382 Monasterii
811 1297 1017 1405 sepedicti
1036 1294 1067 1378 J
1069 1323 1139 1377 ure
1160 1294 1359 1379 Polonico
1382 1301 1425 1375 et
1443 1292 1684 1379 theutonico
1716 1295 1861 1380 dotare
1892 1310 2044 1413 quate·

397 1442 496 1518 nus,
526 1415 715 1500 villarum
747 1413 1003 1501 Ometbones
1034 1413 1257 1524 quodquot
1283 1412 1450 1498 locatae
1470 1412 1622 1496 fuerint
1642 1414 1789 1498 eodem
1809 1415 1916 1500 aare
1936 1448 2044 1530 gau-

399 1532 577 1627 debunt,
600 1562 684 1643 quo
706 1535 820 1619 bona
841 1547 884 1619 et
903 1534 1026 1620 villae
1047 1533 1290 1649 M'onasterij
1312 1534 1501 1646 gaudent
1524 1561 1620 1615 oum
1651 1534 1890 1619 omnimoda
1910 1536 2045 1623 facul-

398 1661 500 1736 tate
552 1652 751 1738 Volumus
774 1656 901 1741 etiarn
920 1664 967 1739 vt
987 1681 1132 1737 omnes
1153 1680 1315 1762 poenae
1337 1681 1448 1765 quae
1469 1656 1512 1735 in
1526 1651 1696 1760 judicijs
1732 1654 1934 1739 antedicti
1951 1658 2046 1746 Mo·

234 1892 236 1897 ¹
398 1773 567 1881 nasterij
589 1772 771 1856 bannitis
794 1786 870 1859 aut
886 1774 1060 1885 priuatis
1082 1773 1235 1856 cedere
1254 1780 1566 1856 consueuerant
1583 1798 1667 1856 non
1688 1773 1744 1855 ad
1766 1774 1894 1856 alium
1914 1805 2046 1888 quam

367 1983 375 2002 ,
401 1892 457 1976 ad
476 1891 769 2004 Praepositum
787 1896 858 1977 vel
878 1924 953 2004 per
971 1893 1111 2003 ipsum
1131 1894 1187 1974 ad
1207 1892 1252 1973 id
1273 1895 1522 2003 deputatum
1541 1895 1583 1975 in
1604 1892 1743 1974 causis
1774 1896 1941 2004 magnis
1972 1907 2049 1980 aut

370 2096 375 2127 Ι
399 2012 543 2124 paruis
575 2038 831 2122 quocunque
852 2043 955 2097 casu
978 2012 1223 2095 deuenerint
1250 2013 1436 2124 plenarie
1457 2019 1500 2095 et
1520 2041 1572 2095 ex
1591 2021 1681 2096 toto
1704 2010 1890 2095 debeant
1917 2018 2048 2124 perti-

399 2158 512 2217 nere.
563 2131 726 2214 Dantes
764 2133 899 2217 eidem
919 2132 1171 2216 Monaaterio
1194 2132 1245 2213 de
1266 2129 1431 2215 Dlabrro
1450 2131 1562 2214 bano
1582 2132 1748 2215 literam
1770 2159 1865 2215 cum
1887 2162 2049 2245 appen-

400 2252 514 2335 sione
545 2252 675 2336 nostri
706 2251 832 2363 sigilli
861 2252 1028 2335 maioris
1049 2253 1091 2332 in
1111 2251 1393 2335 testimonium
1435 2254 1618 2335 omnium
1651 2252 1973 2362 praemissorum
1996 2284 2049 2339 ac

398 2368 527 2454 robur
548 2378 591 2449 et
611 2371 871 2455 euideneiam
890 2380 1121 2480 perpetuae
1132 2370 1362 2453 firmitatis.
1414 2369 1569 2455 Actum
1591 2380 1634 2453 et
1655 2371 1798 2453 datum
1839 2367 2050 2458 Croooorba

399 2491 443 2573 in
462 2491 643 2573 erastino
665 2488 810 2574 Sancti
832 2490 1031 2577 Stanislai
1051 2488 1246 2599 Martyris
1263 2488 1548 2574 etPontifiois.
1580 2488 1703 2574 Anno
1724 2489 1893 2573 Domini
1913 2491 2051 2575 Mille·

400 2610 504 2695 simo
526 2608 842 2694 Trecentesimo
879 2609 1152 2720 sexagesimo
1183 2636 1314 2713 nono,
1349 2610 1649 2694 Praesentibus
1669 2607 1735 2691 his
1755 2610 1937 2694 testibus
1959 2610 2050 2698 Do·

399 2729 513 2813 mino
534 2727 747 2812 Jesobone
770 2727 1063 2832 Oracouiensi‚
1094 2728 1275 2813 Domino
1305 2728 1477 2814 Andrea
1507 2731 1717 2834 Palatino,
1748 2729 1929 2815 Domino
1950 2730 2053 2815 J‘es-

400 2849 535 2933 chone
557 2847 610 2929 de
630 2844 860 2931 Krzeeolroro
890 2847 1071 2931 Domino
1101 2847 1287 2931 Polcone
1315 2847 1603 2954 Marschalko‚
1644 2847 1827 2932 Domino
1857 2847 2052 2933 Bozatha

399 2967 676 3053 Procuratore
713 2966 897 3076 generali
930 2966 1111 3069 Domino
1147 2966 1272 3049 Petro
1307 2965 1348 3049 N
1351 2994 1469 3079 eorse
1500 2968 1691 3054 Palatino
1724 2964 2052 3051 Sandomiriensi

399 3086 581 3169 Domino
617 3083 783 3168 Joanne
821 3083 1069 3195 Saolr'jrorjllr
1105 3078 1384 3197 Camelaria,
1420 3084 1664 3198 Mszczugio
1706 3082 2051 3171 Subancellario

403 3202 693 3306 Cracouiensi‚
716 3212 759 3285 et
779 3201 871 3285 aliis
890 3201 1116 3315 fidedignis
1139 3232 1267 3316 quam
1287 3202 1488 3313 pluribus.
1518 3204 1679 3292 Datum
1698 3233 1774 3316 per
1792 3232 1943 3289 manus
1962 3205 2052 3292 Do·
2168 3270 2170 3273 .

401 3323 501 3406 mini
520 3320 701 3406 Joannis
722 3319 1070 3406 Vioeoanoellarii
1094 3322 1402 3409 Oracouiensis.

1153 3728 1308 3848 ctrv.

626 3982 1126 4095 Reseranda-14
1151 3984 1483 4089 Septembris
1499 3982 1647 4074 1369
1668 3972 1848 4072 πω

451 4198 726 4277 casimirus
741 4223 798 4279 rex
811 4203 951 4280 labrire
964 4204 1195 4279 nociturus
1209 4205 1336 4281 aarum
1349 4204 1656 4300 ostentamina
1666 4206 1773 4283 villan
1786 4205 2016 4298 Radospmh

962 4307 1317 4396 masmanna,
1336 4307 1431 4382 lasti
1448 4312 1498 4393 (¹).

460 4503 462 4507 ·
507 4480 744 4565 Kazimirus
767 4481 835 4565 dei
856 4483 1002 4596 gracia
1022 4481 1115 4567 Rex
1133 4482 1328 4588 Polonie,
1358 4481 1623 4567 notificamus
1652 4491 1741 4568 tam
1775 4483 2055 4596 presentibus,

408 4625 537 4711 quam
566 4599 717 4685 futuris
748 4600 902 4710 quibus
934 4602 1104 4713 expedit
1131 4603 1336 4700 universis
1369 4598 1496 4702 Quod
1518 4601 1571 4685 de
1592 4604 1713 4690 certis
1743 4602 1992 4691 utilitatibus
2014 4608 2057 4686 et

514 4836 553 4917 (¹)
575 4833 802 4901 Muozkorrrki
815 4858 855 4901 ex
870 4833 1048 4902 Tabulatis
1060 4834 1196 4923 publico
1210 4836 1257 4902 Re
1283 4834 1317 4900 ni
1332 4834 1513 4903 Vaseoniae
1531 4847 1699 4919 asservato
1721 4838 1897 4926 descripsit
1913 4836 2058 4905 tabulam

407 4919 492 4987 banc
513 4919 603 5009 (lege
623 4920 728 4986 libros
749 4942 845 4986 manu
868 4920 1011 5007 scriptos
1046 4919 1233 5009 „Metrylri”
1280 4921 1363 4988 'ctos
1384 4922 1449 4987 vol.
1467 4925 1517 5001 lt,
1542 4921 1598 4988 fol
1615 4926 1703 5002 308),
1726 4924 1780 4990 nbi
1802 4925 1834 4990 in
1850 4932 2055 5010 transumpto

407 5007 496 5093 regis
512 5006 694 5149 ‘uelandfl
704 5005 970 5113 Jagellonidrsa.
984 5006 1066 5075 1502
1079 5007 1254 5075 invenitur.
1279 5006 1534 5096 Transnmptnm
1548 5008 1613 5075 boc
1625 5008 1715 5097 legas
1729 5008 1823 5076 infra.

587 5118 648 5150 ⁰²¹·
695 5136 702 5150 ·
1811 5112 1853 5177 40
