5409 6309
1431 821 1708 897 ...320-

739 1030 845 1115 silva
863 1054 943 1113 sna
960 1026 1207 1110 ‘facultatem
1237 1026 1432 1111 excidere
1463 1022 1613 1133 habet3
1652 1023 1801 1109 deinde
1830 1024 1919 1110 Nos
1940 1023 2149 1111 Dominus
2170 1026 2390 1114 Jonanne

740 1150 978 1237 conducere
1003 1175 1056 1231 ea
1076 1145 1298 1251 debemus,
1331 1146 1383 1228 de
1414 1144 1506 1255 alijs
1536 1144 1784 1254 necessarijs
1816 1153 2028 1256 quotquot
2057 1145 2165 1232 foret
2193 1176 2393 1232 necessa·

655 1368 657 1375 ,
737 1271 866 1371 rium,
901 1266 1098 1350 videlicet
1119 1267 1173 1348 de
1192 1266 1401 1376 lapidibus
1434 1266 1666 1350 molaribus
1688 1274 1731 1347 et
1753 1260 1805 1347 (10
1827 1262 2074 1349 ferrimentis
2116 1264 2390 1380 quibuslibet,

739 1386 869 1470 clavis
888 1386 1032 1496 parvis
1054 1397 1097 1469 et
1116 1389 1303 1497 magnis,
1325 1384 1538 1469 asseribus
1558 1385 1699 1496 parvis
1719 1392 1763 1467 et
1782 1384 1949 1495 magnis
1971 1384 2014 1466 in
2033 1385 2164 1498 vulgo
2187 1385 2333 1470 Gontdi
2351 1397 2395 1471 et

745 1499 978 1588 Wszcznnlci
1003 1506 1277 1615 nuncupatis,
1310 1504 1361 1585 de
1383 1531 1484 1613 sepo
1510 1513 1552 1585 et
1572 1504 1665 1613 alijs
1696 1501 1947 1611 necessarijs
1979 1504 2306 1619 quibuscunque
2337 1506 2393 1591 ad

738 1624 852 1707 idem
882 1624 1169 1707 molendinum
1199 1624 1525 1734 pertinentibus,
1562 1623 1790 1733 superista
1811 1625 1951 1707 omnia
1980 1621 2092 1705 idem
2122 1623 2287 1710 Franco
2308 1633 2393 1709 ter·

740 1744 852 1829 oium
884 1744 1100 1826 denarium
1131 1743 1230 1825 dare
1261 1744 1392 1826 habet
1413 1750 1455 1824 et
1476 1769 1552 1827 nos
1585 1743 1709 1847 du0s3
1740 1740 1838 1825 Hoe
1862 1754 1925 1824 est
1944 1768 2020 1826 nos
2052 1742 2156 1826 duas
2186 1753 2328 1854 partes
2350 1755 2393 1829 et

739 1863 832 1973 ipse
853 1863 1040 1946 terciam.
1092 1858 1256 1961 Quodsi
1285 1862 1400 1944 idem
1420 1861 1701 1944 molendinum
1723 1862 1767 1943 iu
1786 1861 1879 1946 loco
1901 1888 1977 1946 suo
1998 1855 2073 1942 ubi
2093 1890 2282 1972 pronunc
2303 1873 2393 1948 stat

741 1980 1068 2065 adnichilaretur
1089 1981 1233 2089 aliquo
1255 1981 1381 2065 modo
1403 2007 1480 2063 seu
1501 1980 1795 2085 destrueretur,
1825 1989 1977 2064 extunc
1999 1978 2110 2063 idem
2131 1980 2295 2089 Franco
2309 1982 2393 2065 ,ha-

739 2101 816 2186 bet
836 2100 948 2185 aliud
983 2100 1265 2185 molendinum
1288 2099 1485 2184 edificare
1516 2101 1708 2209 superius
1739 2098 1808 2183 vel
1836 2098 2026 2202 inferius,
2048 2109 2091 2182 et
2110 2100 2192 2186 hoc
2216 2112 2391 2212 excepto

741 2222 923 2331 dampno
946 2220 1174 2321 molendini
1195 2220 1419 2329 superioris
1442 2228 1483 2301 et
1504 2218 1705 2303 inferioris
1727 2216 2134 2304 circumiacentibus.
2180 2220 2239 2304 Et
2259 2247 2393 2330 quan·

741 2341 794 2424 do
817 2367 952 2451 agger
988 2339 1175 2422 eiusdem
1211 2338 1439 2422 molendini
1473 2339 1613 2449 aliquo
1649 2339 1775 2423 modo
1811 2337 2106 2442 destrueretur,
2139 2349 2293 2423 extunc
2314 2368 2391 2426 nos

742 2461 844 2543 dare
883 2460 1087 2542 debemus
1125 2456 1230 2541 duos
1267 2457 1457 2542 homines
1482 2467 1524 2540 et
1542 2460 1633 2565 ipse
1652 2456 1817 2541 Franco
1854 2485 1984 2541 unum
2005 2457 2061 2540 ad
2080 2457 2393 2544 reformandum

739 2579 852 2663 idem
874 2605 1010 2689 agger
1030 2573 1140 2690 (sic).
1192 2572 1355 2675 Quodsi
1385 2576 1496 2659 idem
1526 2575 1689 2660 Franco
1722 2579 1835 2660 circa
1856 2577 2090 2686 predictum
2111 2578 2393 2663 molendinum

740 2706 888 2809 posset
917 2724 1074 2808 augere
1106 2695 1270 2803 aliquas
1291 2694 1495 2778 utilitates
1517 2694 1712 2780 videlicet
1733 2698 1839 2780 duas
1860 2695 1965 2804 pilas
1989 2695 2146 2808 Stampr'
2161 2698 2392 2810 vulgariter

741 2825 1028 2924 nuncupatae,
1059 2842 1187 2897 unam
1216 2817 1464 2926 quercinum
1486 2824 1530 2898 et
1549 2814 1672 2897 eliam
1704 2814 1846 2900 Scruti
1864 2813 1935 2927 (i),
1968 2817 2020 2899 de
2049 2816 2140 2901 istis
2160 2843 2236 2901 nos
2256 2818 2396 2927 perci-

740 2937 904 3047 piemus
937 2934 1041 3016 duas
1070 2947 1212 3044 partes
1244 2937 1406 3045 etipse
1435 2933 1600 3018 Franco
1636 2938 1809 3020 terciam
1830 2945 2008 3045 partem.
2058 2932 2236 3046 Insuper
2257 2936 2393 3023 eidem

740 3054 951 3139 Franconi
980 3053 1217 3162 predictam
1246 3054 1421 3137 terciam
1451 3062 1673 3137 metretam
1700 3082 1778 3139 sen
1799 3080 2035 3138 mensuram
2065 3056 2329 3140 vendidimus
2349 3057 2394 3138 in

741 3174 864 3259 civile
884 3175 950 3257 ius
971 3176 1173 3281 iuxtaque
1210 3198 1355 3257 omnes
1390 3173 1740 3259 molendinatores
1771 3181 1981 3284 emptores
2001 3175 2214 3284 perpetuis
2237 3176 2333 3289 (sic)
2353 3175 2396 3258 in

742 3293 934 3375 districtu
965 3292 1273 3376 Tharnoviensi
1304 3302 1489 3397 utuntur,
1511 3293 1568 3377 Et
1589 3293 1705 3400 quod
1734 3293 1846 3377 idem
1876 3290 2042 3378 Franco
2073 3321 2158 3379 una
2189 3323 2287 3378 enm
2306 3295 2391 3378 suis

741 3413 881 3522 pueris
904 3421 946 3494 et
965 3409 1279 3496 successoribus
1300 3412 1434 3495 habet
1454 3411 1735 3498 omnimodam
1770 3420 2027 3522 potestatem
2056 3413 2289 3521 predictam
2310 3423 2392 3496 ter·

743 3534 852 3616 ciam
884 3540 1104 3614 metretam
1133 3531 1366 3637 vendendi,
1398 3530 1593 3633 donandi,
1630 3532 1891 3636 comutandi,
1921 3528 2099 3615 ubilibet
2119 3532 2395 3637 corrducendi‚

743 3660 889 3735 nostra
917 3663 1059 3734 tamen
1090 3678 1187 3732 cum
1207 3649 1424 3734 voluntate
1446 3661 1489 3735 et
1510 3677 1697 3733 assensu.
1748 3651 1906 3733 Actum
1929 3661 1971 3733 et
1991 3652 2136 3734 datum
2156 3655 2199 3736 in
2222 3653 2393 3735 civitate

744 3771 938 3854 Fbarnoao
959 3772 1001 3851 in
1021 3769 1167 3880 vigilia
1186 3770 1419 3853 nativitatis
1442 3769 1608 3874 Christi,
1631 3770 1739 3854 a'nno
1761 3771 1929 3854 Domini
1950 3770 2006 3855 M.
2025 3768 2150 3858 000.
2164 3769 2395 3857 LXXVIII

743 3888 1011 3999 presentibus
1030 3888 1234 3973 Pacussio
1254 3886 1492 4003 Burgrabio
1515 3889 1653 3974 Castri
1673 3889 2020 3995 Tharnoviensis,
2056 3891 2237 3976 Domino
2266 3891 2395 3976 Nico·

743 4007 811 4092 lac
853 4006 965 4092 dicto
1008 4005 1283 4112 Msznrowslci,
1325 4007 1554 4109 Quaskone
1596 4007 1805 4095 advocato
1847 4007 2177 4115 Tharnoviensi,
2211 4009 2395 4096 Domino

744 4125 1031 4213 Swenthoslao
1061 4126 1231 4211 Herede
1264 4126 1316 4210 de
1336 4128 1581 4212 Danrbrown
1611 4138 1654 4212 et
1672 4128 1854 4213 Domino
1886 4128 2100 4215 Dobeslno
2131 4129 2301 4215 Herede
2341 4128 2395 4212 (10

746 4244 957 4333 Ceszcn'cze
977 4246 1159 4333 testibus
1180 4257 1223 4332 et
1242 4246 1335 4358 alijs
1356 4249 1692 4362 quamplurimis
1712 4247 1797 4332 fida
1819 4248 1972 4361 dignis.
