5409 6309
1041 872 1315 943 -457-

1075 1227 1307 1399 ccxxix.

653 1471 1126 1591 cranmere-ase
1151 1506 1191 1592 4
1214 1499 1362 1587 rara
1386 1498 1529 1587 1482
1556 1518 1723 1585 aene.

353 1693 631 1770 casimirus
652 1687 1005 1782 &agenensem
1026 1708 1090 1778 rex,
1111 1687 1218 1764 vtum
1229 1688 1358 1779 ,Lspnik
1377 1684 1470 1760 mill
1490 1681 1610 1759 οπΙᾱαιιι
1629 1699 1683 1777 nro
1700 1683 1818 1763 nnn
1838 1693 2008 1769 sumtu

715 1795 718 1804 ’
796 1791 883 1869 Btrll
902 1793 1120 1884 Ιιιιιονιοίί
1141 1789 1334 1866 adnomen
1353 1790 1506 1882 remittit
1521 1792 1573 1873 (¹).

453 1974 692 2059 Kazimirus
714 1971 923 2083 deigratia
943 1967 1036 2056 Rex
1055 1967 1228 2054 Polonie
1264 1967 1452 2078 Magnus
1487 1963 1586 2049 Dux
1605 1961 1835 2052 Lithuania
1855 1967 2009 2057 Rmsie

350 2093 605 2206 Prussieque
619 2101 687 2176 eto
701 2091 893 2175 dominus
908 2091 1082 2174 etheres
1093 2085 1394 2202 Signifieamus
1405 2091 1550 2168 tenore
1565 2086 1831 2194 presencium
1853 2089 2008 2202 quibus

352 2215 524 2324 expedit
535 2211 740 2296 universis
753 2206 976 2311 Quomodo
986 2208 1254 2294 attendentes
1265 2212 1392 2319 grata
1403 2202 1629 2312 fideliaque
1641 2207 1802 2291 seruisa
1813 2207 1911 2325 (sic)
1922 2209 2011 2296 No·

352 2331 445 2416 bilis
462 2331 669 2418 iohannis
686 2325 969 2439 Doscboeoele'j
999 2325 1231 2440 Terrigene
1247 2323 1380 2410 nostri
1394 2322 1532 2406 fidelis
1549 2323 1694 2409 dilecti
1708 2349 1785 2436 per
1805 2351 1901 2412 eum
1922 2329 2011 2415 No·
2139 2326 2142 2332 ’

349 2449 415 2535 bis
434 2450 619 2535 exhibita
639 2450 788 2533 horum
806 2443 861 2532 ob
877 2453 1118 2558 respectum
1134 2443 1419 2558 petioiemque
1436 2439 1534 2560 (sie)
1551 2465 1626 2529 sue
1639 2446 1834 2532 acclinati
1841 2447 1922 2533 sibi
1933 2451 2010 2533 vil-

351 2571 435 2654 lam
451 2581 636 2657 nostram
659 2563 820 2681 Lypnile
839 2564 881 2648 in
903 2576 1015 2651 terre
1036 2559 1470 2677 Oswyanezymyensi
1490 2563 1618 2666 sitam
1632 2562 1686 2649 de
1710 2565 1906 2653 manibus
1923 2565 2011 2657 Ge-

246 2725 250 2741 r
350 2681 2009 2800 nerosiPauliMysolrlcowsleyprosumispeeuniaruminnostravillaiusteetle-

352 2809 498 2921 gitime
515 2807 810 2920 inscriptorum
819 2801 1109 2920 Etalium(sio)
1120 2802 1236 2917 qnod
1246 2831 1331 2889 non
1340 2811 1553 2915 augeatur
1562 2809 2013 2917 summepecuniarum

352 2955 480 3038 super
501 2956 643 3011 sumas
659 2955 736 3037 per
751 2951 828 3009 nos
844 2924 887 3008 in
901 2925 1002 3010 villa
1016 2927 1110 3036 ipsa
1131 2926 1241 3030 iuste
1264 2922 1489 3033 inscriptas
1507 2924 1780 3009 exemendam
1794 2931 2010 3012 eonsebsi-

351 3074 445 3131 mus
476 3055 520 3129 et
550 3046 794 3129 admisimus
816 3044 1203 3151 Consentimusque
1225 3041 1485 3141 admittimus
1502 3049 1641 3124 tenere
1663 3044 2010 3161 permittimus(?)

350 3161 554 3278 mitrar(?)
565 3192 641 3276 per
652 3165 790 3274 ipsum
800 3159 830 3246 J
832 3162 989 3246 ohanes
1001 3159 1264 3276 Gasebewslcy
1274 3161 1326 3246 de
1337 3187 1436 3247 snas
1445 3165 1713 3247 successores
1723 3163 1861 3249 villam
1868 3165 2010 3276 predi-

352 3291 465 3368 etam
482 3292 670 3368 nostram
686 3279 857 3394 Lypnyk
873 3308 969 3365 eum
988 3280 1182 3367 omnibus
1199 3279 1391 3392 ejusdem
1405 3280 1665 3394 pertinentijs
1693 3282 1797 3368 alias
1810 3285 1930 3369 iuxta
1945 3299 2008 3370 te·

349 3429 494 3512 norem
533 3412 576 3486 et
595 3401 896 3502 continentiam
923 3400 1153 3512 primarum
1187 3401 1406 3486 literarum
1424 3408 1663 3486 nostrarum
1692 3427 1770 3513 per
1788 3429 1866 3488 nos
1882 3432 2009 3519 super

349 3524 486 3632 ipsam
502 3520 646 3606 villam
660 3523 769 3605 iuste
786 3530 829 3604 et
842 3517 1048 3632 legittime
1065 3521 1277 3605 dattarum
1290 3520 1617 3605 etoomissarum
1626 3523 1857 3608 tenendum
1872 3531 2008 3639 possi-
2034 3575 2051 3606 0

349 3637 721 3752 dendumpaeifioe
738 3647 781 3722 et
798 3643 941 3749 quiete
958 3665 1096 3750 nsque
1113 3637 1168 3724 ad
1185 3639 1500 3753 exemptionem
1515 3665 1591 3753 per
1605 3665 1685 3726 nos
1699 3643 1770 3729 vel
1786 3671 2007 3733 suecesso-

346 3759 414 3844 ies
430 3770 598 3846 nostros
615 3756 866 3844 faciendam.
890 3753 1004 3859 Quia
1019 3757 1134 3844 faeta
1149 3759 1339 3845 eiusdem
1355 3757 1456 3844 ville
1470 3760 1768 3875 posessie(sie)
1789 3763 1844 3847 ad
1860 3790 1936 3849 nos
1963 3776 2005 3848 et

223 3963 228 3974 ,
349 3905 617 3964 successores
629 3887 795 3963 nostros
809 3879 948 3963 remiti
965 3875 1093 3964 debet
1107 3879 1231 3991 pleno
1248 3875 1357 3966 June
1372 3875 1522 3965 harem
1543 3877 1699 3991 quibus
1718 3879 1911 3995 Sigillum
1926 3910 2003 3969 no·

348 4005 479 4082 strum
497 3997 888 4109 estsubappensum
903 3996 1143 4084 testimonio
1158 3995 1394 4083 litteramm
1406 4000 1550 4084 datum
1564 3992 1747 4083 Cratonis
1763 3999 1867 4085 feria
1879 4026 2005 4112 qnar-

316 4211 321 4222 ,
348 4126 396 4198 ta
407 4114 515 4200 infra
530 4127 706 4238 octenas
723 4115 818 4232 fasij
835 4112 892 4229 (i)
908 4113 1208 4208 Visitatoribus
1225 4114 1324 4234 (sie)
1343 4115 1654 4206 Gloriosissime
1674 4113 1860 4232 Virginis
1874 4120 2004 4207 Maris

347 4234 471 4321 Anno
486 4235 658 4324 Domini
671 4234 891 4352 Millesimo
908 4231 1337 4350 Quadringentesimo
1355 4235 1632 4377 Oetogesimo
1648 4239 1840 4351 septimo.

351 4381 547 4471 Oreslaus
577 4382 730 4490 Lamill
748 4412 811 4496 sp.
1140 4380 1306 4469 Relatio
1327 4377 1588 4471 Venerabilis
1610 4377 1775 4471 Oreslai
1804 4379 1857 4469 de
1881 4381 2002 4470 Cero-

1143 4498 1330 4626 zmyaolcy
1348 4501 1400 4597 R.
1421 4503 1470 4589 P.
1492 4501 1754 4614 cancellarij.
2103 4517 2115 4539 ⁰

450 4708 490 4788 (¹)
513 4703 661 4803 Tabulae
675 4702 773 4803 lmjrrs
787 4725 828 4772 ex
841 4703 1023 4805 arqhetypo
1037 4702 1264 4771 Bibliothecae
1277 4702 1509 4771 Orsolinianae
1520 4701 1752 4793 leopolieneia
1768 4707 1926 4857 sommia,
1943 4706 1997 4773 de.

348 4791 501 4945 serapte,
516 4789 699 4889 invenimus
714 4797 799 4856 mter
812 4787 986 4879 privilegia
1000 4787 1196 4878 aptioribus
1208 4787 1404 4941 antiatibus
1430 4809 1487 4855 sen
1499 4789 1624 4891 ‘potius
1649 4789 1768 4858 editori
1792 4811 1833 4858 uu
1846 4790 1892 4860 ad
1903 4811 2001 4860 num

345 4873 2001 5060 tisttattslsttttstttitmltttattestatas-mss

346 5048 502 5192 vileginm
511 5046 578 5191 hog
589 5044 723 5130 editum,
734 5046 770 5114 in
780 5045 891 5114 tabula
903 5045 978 5135 ipsa
988 5047 1079 5114 vario
1093 5045 1201 5128 modo,
1216 5043 1251 5112 id
1264 5056 1315 5115 est
1329 5045 1538 5134 Darebowaky
1552 5054 1586 5113 at
1598 5044 1796 5137 Gaaebswaly
1805 5048 1998 5135 appellatur.

468 5159 530 5192 ⁰⁰¹⁸
577 5178 584 5190 ·
654 5183 658 5189 ·
1356 5211 1369 5239 ,
1754 5152 1796 5219 58
