5409 6309
1063 844 1438 935 -tls-'

379 1047 567 1141 dilectus:
591 1052 870 1164 multipliciter
896 1053 1244 1158 commendatur,
1267 1054 1322 1139 ob
1342 1053 1477 1166 ipsius
1512 1074 1682 1166 quoque
1698 1054 1948 1166 'peticiones
1968 1058 2031 1145 in·

377 1173 681 1276 stantissimas,
710 1172 905 1259 solentes
937 1174 1116 1261 eundem
1148 1172 1177 1257 ,J
1181 1175 1389 1262 ohannem
1411 1172 1657 1284 specialium
1677 1176 1914 1286 graciarum
1934 1206 2031 1289 pro·
2182 1214 2187 1219 ·

377 1292 503 1399 sequi
533 1291 768 1397 fauoribus,
790 1294 906 1379 etad
928 1304 1072 1385 nostra
1101 1295 1282 1381 seruicia
1311 1293 1486 1376 reddare
1508 1294 1705 1389 continuo
1726 1298 2030 1404 prompciorem

377 1410 518 1499 villam
540 1428 662 1501 suam
680 1411 949 1507 Kraissonicre
970 1414 1146 1501 interra
1166 1424 1310 1509 nostra
1331 1410 1603 1497 Oracouiensi
1625 1405 1824 1511 situatam
1845 1424 1970 1525 prout
1990 1417 2033 1501 in

379 1530 466 1612 suis
488 1533 608 1614 metis
630 1540 673 1614 et
693 1533 890 1643 graniciis
923 1532 1183 1644 abantiquo
1223 1534 1351 1641 longe
1387 1531 1561 1638 lateque
1596 1530 2032 1637 cucumfarencialiter
2177 1594 2180 1599 ·

379 1657 444 1731 est
465 1649 662 1733 distincta
684 1652 738 1733 dc
759 1648 863 1733 Jure
899 1650 1097 1735 Polonico
1117 1653 1160 1734 in
1182 1650 1263 1737 Jus
1285 1650 1619 1752 Theutonicum‚
1656 1650 1772 1761 quod
1801 1649 2031 1762 Maydbur·

379 1794 512 1877 gense
544 1770 692 1853 dicitur
723 1767 1010 1853 transferimus
1041 1778 1247 1881 perpetuo
1271 1774 1535 1871 durannum,
1571 1763 1854 1857 Remonentes
1874 1769 2030 1856 ibidem

379 1886 522 1968 omnia
542 1889 632 1972 iura
654 1890 903 2000 polonicalia
923 1888 1071 1973 modos
1095 1901 1136 1975 ct
1158 1889 1482 1985 consuetudines
1512 1889 1748 1994 vniuersos‚
1780 1916 1865 2000 que
1893 1891 2032 1997 ipsum

377 2001 459 2087 «lus
497 2002 811 2093 Theutonicum
852 2009 1099 2120 plerumque
1141 2009 1387 2118 perturbare
1429 2015 1750 2093 consueuerant.
1801 2007 2032 2092 Eximimus

378 2124 550 2232 insuper
571 2126 826 2212 absoluimus
849 2135 892 2210 et
912 2138 1115 2238 perpetuo
1136 2129 1363 2214 liberamus
1396 2126 1606 2212 Scultetos
1628 2124 1883 2211 Omethones
1906 2125 2033 2210 Ortu-

367 2242 496 2325 'lanos
519 2253 561 2326 et
583 2248 756 2353 quosuis
793 2244 959 2332 Incolas
995 2246 1184 2355 predicte
1218 2246 1316 2332 ville
1338 2248 1393 2330 ab
1417 2248 1528 2330 omni
1563 2243 1872 2329 Jmisdieeione
1893 2257 1935 2329 ct
1955 2273 2032 2357 po·

377 2370 535 2449 testate
556 2368 739 2449 omnium
761 2368 882 2478 regui
902 2367 1033 2451 nostri
1055 2369 1333 2475 palatinorum
1351 2363 1686 2453 Castellanorum
1702 2362 1903 2449 Judicum
1919 2364 2032 2451 Sub·

380 2479 564 2565 iudicum
601 2495 922 2597 ceterorumque
958 2482 1200 2573 officialium
1222 2498 1265 2568 et
1280 2485 1611 2579 ministerialium
1643 2484 1871 2568 eorundem
1893 2493 1940 2567 ut
1961 2512 2033 2570 co·

379 2626 469 2681 ram
491 2601 591 2710 ipsis
615 2613 658 2686 et
679 2603 869 2711 quolibet
889 2630 1031 2688 eorum
1051 2633 1127 2713 pro
1150 2604 1289 2689 causis
1310 2615 1397 2687 tam
1419 2606 1589 2715 magnis
1608 2630 1736 2712 quam
1757 2606 1912 2714 paruis.
1928 2615 2035 2714 puta

369 2716 479 2803 ‚fruti
501 2722 718 2834 sanguinis
738 2723 949 2833 homicidij
969 2724 1152 2834 incendij
1173 2724 1453 2809 membrorum
1483 2722 1764 2808 mutilacionis
1786 2753 1837 2807 ac
1858 2722 2033 2837 quibus·
2055 2760 2061 2765 ·

379 2841 446 2921 uis
469 2840 560 2923 aliis
582 2843 700 2924 citati
730 2843 897 2925 minime
926 2844 1262 2952 respondebunt,
1283 2872 1362 2925 nec
1384 2845 1547 2954 aliquas
1568 2871 1700 2951 penas
1721 2843 1881 2925 soluere
1918 2854 2034 2927 tene-

378 2953 548 3061 buntur,
579 2963 657 3043 sed
679 2970 850 3042 tantum
880 2958 1140 3055 Kmethones
1163 2971 1206 3044 et
1225 2961 1367 3044 Incole
1399 2959 1638 3069 supradicte
1669 2961 1763 3046 ville
1794 2987 1936 3044 coram
1956 2989 2032 3046 suo

315 3176 319 3183 Ι
379 3072 570 3160 Scolteto
592 3081 665 3189 qui
687 3104 762 3187 pro
783 3090 970 3190 tempore
992 3079 1133 3183 fuerit,
1171 3078 1382 3164 Scultetus
1402 3107 1503 3164 vero
1526 3105 1666 3165 coram
1687 3077 1848 3192 prefato
1869 3076 2033 3163 dohan-

378 3216 435 3274 ne
456 3204 499 3277 et
517 3197 606 3278 suis
627 3197 853 3281 heredibus
876 3228 926 3281 ac
947 3201 1264 3286 successoribus
1293 3199 1494 3310 legitimis
1515 3225 1592 3281 seu
1613 3225 1869 3310 quocunque
1901 3197 2034 3283 domi*

377 3339 434 3396 no
452 3315 642 3425 predicte
664 3314 759 3399 ville
781 3327 859 3398 aut
878 3304 1019 3402 coram
1040 3318 1163 3404 nobis
1176 3319 1254 3403 ⁴vel
1275 3330 1418 3404 nostro
1450 3315 1637 3430 generali
1666 3317 1696 3402 d
1699 3318 1859 3421 udicio,
1881 3319 1918 3401 si
1936 3345 2032 3429 pre·

378 3430 492 3514 satus
514 3432 733 3517 dohannes
754 3432 823 3518 vel
843 3439 906 3520 sui
928 3434 1106 3521 heredes
1129 3448 1172 3520 et
1190 3465 1459 3523 successores
1488 3437 1685 3549 legitimi,
1705 3438 1773 3522 vel
1792 3437 2032 3548 quicunque

381 3553 574 3636 dominus
612 3555 796 3637 eiusdem
833 3556 926 3639 ville
947 3557 991 3636 iu
1010 3554 1227 3641 reddenda
1246 3558 1414 3640 iusticia
1432 3557 1704 3668 negligentes
1739 3554 1894 3657 forent,
1931 3555 2030 3643 dum

377 3684 518 3756 tamen
551 3700 626 3781 par
646 3675 826 3757 litteram
855 3684 1039 3758 nostram
1072 3667 1213 3785 sigillo
1241 3686 1397 3787 nostrox
1416 3676 1639 3788 sigillatam
1672 3677 1839 3761 euocati
1867 3672 2031 3778 fuerint

377 3804 479 3875 tunc
500 3820 584 3878 non
605 3794 722 3878 aliter
744 3818 871 3900 quam
892 3792 924 3877 J
926 3821 998 3877 ure
1015 3793 1279 3880 Thentonico
1301 3794 1633 3905 maydburgensi
1651 3794 1840 3905 predicto
1862 3791 2032 3881 cuilibet

371 3915 435 3996 =ad
457 3912 624 3999 obiecta
662 3912 917 4023 respondere
947 3913 1033 3995 sint
1063 3915 1223 3997 astricti
1259 3914 1309 3998 In
1331 3917 1470 3997 causis
1507 3925 1648 3999 autem
1685 3912 1967 3999 criminalibus
1989 3924 2033 3997 ct

380 4033 632 4143 capitalibus
668 4033 859 4144 superius
896 4033 1166 4142 expressatis,
1210 4033 1400 4119 Sculteto
1436 4034 1652 4141 sepedicta
1686 4034 1782 4123 ville
1818 4032 2029 4146 iudicandi

381 4151 680 4238 Sentenciandi
714 4152 952 4263 corrigendi
973 4154 1310 4263 condempnandi
1333 4162 1376 4236 et
1396 4153 1597 4261 puniendi
1619 4152 1768 4239 damus
1789 4161 1834 4233 et
1855 4149 2042 4249 conferi·

379 4299 472 4356 mus
509 4275 625 4357 iuxta
658 4279 767 4354 tarro
803 4273 1150 4355 consuetudinem
1184 4273 1353 4381 plenam
1384 4282 1426 4355 et
1457 4273 1737 4358 omnimodam
1772 4279 2029 4382 potestatem

378 4401 504 4505 prout
523 4394 604 4477 hoc
623 4389 704 4474 dus
726 4388 1036 4475 Theutonicum
1071 4388 1414 4502 maydburgeuse
1449 4392 1683 4502 predictum
1703 4394 1745 4473 in
1767 4390 1852 4475 suis
1883 4386 2029 4470 condi-

378 4511 572 4599 cionibus
607 4510 804 4594 clausulis
839 4521 884 4593 et
918 4512 1141 4593 sentenciis
1178 4509 1367 4619 postulat
1400 4519 1444 4593 et
1475 4512 1652 4622 requirit
1673 4507 1858 4596 -Jmibus
1888 4516 2029 4597 tamen

381 4616 597 4744 regalibus
618 4631 660 4712 in
680 4627 874 4713 omnibus
894 4629 1221 4737 semper-saluis.
1260 4629 1432 4735 ‘Harum
1453 4629 1607 4742 quibus
1629 4629 1820 4769 Sigillum
1842 4635 2031 4717 nussum

325 4801 330 4815 κ
381 4779 616 4863 appensum
636 4758 702 4833 est
723 4748 958 4835 testimonio
987 4746 1234 4832 litterarum.
1285 4747 1441 4831 Actum
1472 4749 1515 4831 in
1534 4747 1831 4833 Nouacruitata
1870 4740 2028 4830 Corczr‘n

379 4870 485 4959 feria
514 4879 666 4983 quarta
693 4866 792 4951 festi
818 4867 1116 4983 penthecostes
1147 4866 1283 4953 Anno·
1301 4868 1458 4952 domini
1477 4867 1692 4952 millesimo
1715 4863 2027 4951 Trecentesimo

380 4990 666 5102 Nonagesimo
702 4988 910 5083 Secundo:
946 4986 1227 5107 ,Breseufibus
1267 4985 1497 5105 Spithcone
1540 4986 1810 5107 Cracorriensi
1845 4982 2027 5068 Jcscone

482 5123 563 5167 102⁸·
577 5123 615 5167 ΙΙΙ.
1759 5126 1764 5133 ’
1778 5119 1819 5184 44
1944 5144 1949 5153 .
