5409 6309
1049 871 1223 946 -447
1279 911 1324 927 -

1033 1469 1039 1482 ·
1073 1314 1332 1469 CGXlllll,

515 1687 518 1696 Α
633 1570 1105 1659 ormenae-oue
1128 1573 1203 1659 ro
1228 1571 1376 1658 soon
1400 1551 1550 1663 osso
1576 1575 1741 1658 oneo.

364 1740 640 1871 casinum
654 1785 1005 1884 sagenarum
1026 1811 1092 1883 ror
1106 1791 1289 1867 olomeo
1309 1794 1341 1868 n
1361 1794 1443 1870 ooo
1464 1796 1564 1886 noys
1587 1795 1731 1864 asoa
1748 1797 1783 1869 o
1805 1791 2015 1882 sesemet,

362 1901 542 1980 nudus
554 1902 639 1976 ulls
653 1903 746 1971 Bisa
759 1900 860 1974 tione
873 1899 905 1974 ls
920 1915 1010 1972 usu
1020 1896 1182 1989 lunulis
1195 1915 1215 1972 s
1228 1897 1409 1985 uolumus
1436 1896 1618 1971 morotius
1646 1915 1746 1972 ouem
1769 1900 1921 1991 puslttil
1931 1904 1965 1976 ot
1973 1902 2015 1977 sl

622 2004 761 2078 ounlus
781 2002 982 2078 solutionibus
1009 2000 1308 2094 auditionibusque
1322 2002 1454 2091 lellus,
1471 2002 1584 2075 lituus
1602 2002 1677 2075 leoli
1694 2005 1746 2087 (¹).

459 2231 706 2341 ¹Kaaimirus
727 2231 809 2314 Dei
830 2230 976 2342 gracia
996 2228 1089 2314 Rex
1108 2226 1279 2334 Polonie
1300 2227 1485 2339 Magnus
1523 2227 1607 2312 dux
1626 2228 1873 2337 Lithwanie,
1905 2231 2017 2317 Rus-

364 2358 438 2459 sie,
456 2354 714 2459 Prussieque
729 2350 936 2435 Dominus
957 2359 1000 2431 et
1020 2348 1154 2432 Heres
1177 2358 1258 2432 etc.
1319 2347 1657 2457 superponam
1678 2350 1738 2432 rei
1758 2353 2015 2435 memoriam.

366 2472 663 2587 Significamus
685 2481 828 2554 tenore
850 2466 1114 2580 presencium
1150 2467 1304 2579 quibus
1326 2467 1496 2576 expedit
1515 2468 1732 2551 universis.
1794 2466 2016 2569 Quomodo

364 2594 713 2707 predecessorum
733 2597 969 2674 nostrorum
991 2591 1182 2698 vestigys
1202 2588 1455 2692 inherentes,
1493 2588 1567 2696 qui
1603 2589 1658 2674 ad
1692 2591 2020 2702 propagandum

365 2714 523 2796 cultum
546 2710 742 2813 diuinum,
772 2708 1156 2816 miserabiliumque
1179 2707 1492 2791 calamitatibus
1513 2734 1820 2819 oppressorum,
1843 2707 2020 2794 deiecti·

363 2829 444 2916 bus
469 2841 511 2915 et
532 2828 795 2941 egestatibus
817 2827 1042 2912 subvenire
1064 2837 1108 2909 et
1128 2827 1188 2908 eis
1214 2826 1434 2935 prouidere
1471 2827 1588 2937 vigili
1624 2829 1888 2912 solicitudine
1918 2856 2020 2913 con·

365 2957 606 3054 sueverunt,
626 2959 763 3057 utque
785 2954 973 3057 tempore
1004 2945 1135 3030 nostri
1165 2944 1399 3056 Regiminis
1436 2945 1641 3029 eiusmodi
1664 2972 1770 3053 opus
1792 2949 1907 3056 pium
1929 2976 2019 3029 am·

364 3068 576 3179 plifieetur
598 3075 639 3148 et
661 3064 936 3168 distendatur;
968 3064 1251 3147 Attendentes
1273 3063 1464 3148 defectus
1486 3072 1529 3147 et
1549 3066 1760 3148 caristiam
1796 3064 2018 3175 hospitalis

365 3189 409 3270 in
430 3186 573 3296 Byccz,
593 3185 635 3266 in
659 3210 745 3292 quo
767 3183 1006 3293 complures
1026 3211 1234 3294 pauperes
1267 3183 1503 3267 defectibus
1532 3185 1718 3296 eorporis
1739 3193 1783 3268 et
1801 3183 2020 3268 infirmita·

365 3304 482 3390 tibus
504 3304 610 3386 tacti
629 3304 672 3385 in
692 3301 812 3388 lectis
835 3300 1110 3409 decumbunt;
1143 3300 1476 3414 specialiterque
1498 3304 1777 3412 attendentes,
1809 3301 1919 3406 Quia
1942 3302 2020 3390 Se·

364 3423 585 3536 senissima
606 3423 775 3506 domina
809 3419 1020 3533 Heduigie
1057 3423 1156 3506 olim
1185 3422 1357 3508 Polonie
1393 3422 1561 3535 Regina
1597 3423 1756 3507 dictum
1796 3423 2018 3533 Hospitale

366 3542 613 3654 Byeczense
649 3540 985 3650 inhabitantibus
1016 3541 1135 3626 villas
1159 3540 1274 3653 Krylc
1296 3552 1340 3625 et
1362 3542 1575 3627 Lubuocba
1591 3539 1645 3653 (⁹)
1667 3543 1712 3625 in
1731 3545 1857 3627 certis
1886 3571 2020 3655 pecu·

366 3665 531 3748 niernum
552 3660 723 3745 summis
746 3688 842 3741 cum
863 3660 1012 3770 amplis
1032 3660 1318 3771 Prerogativis
1355 3671 1399 3747 et
1432 3661 1698 3748 libert-atibus
1738 3664 2020 3774 inscripserat,

369 3779 597 3895 dequibus
633 3806 746 3861 nunc
782 3807 832 3861 ex
854 3805 1066 3864 consensu
1106 3791 1249 3865 nostro
1289 3810 1363 3893 per
1398 3779 1672 3893 Magnificum
1709 3780 1923 3867 iacobum
1968 3783 2021 3866 de

312 3942 314 3944 ·
368 3899 551 3986 Domino
571 3896 710 4010 Regni
731 3897 907 3984 Polonie
949 3898 1261 3983 Cancellarium
1297 3911 1340 3985 et
1376 3900 1657 4012 Capitaneum
1694 3900 2019 3987 Oracoviensem

370 4020 530 4120 sincere
552 4018 674 4104 nobis
697 4015 910 4122 dilectum,
932 4046 1008 4129 pro
1029 4016 1189 4130 meliori
1212 4017 1353 4105 Castri
1373 4021 1505 4105 nostri
1523 4017 1753 4106 Becaensis
1775 4021 2020 4116 condicione

369 4140 546 4250 reempti
583 4145 693 4242 sunt;
727 4134 926 4221 Volentes
957 4150 1000 4222 et
1019 4167 1097 4224 nos
1129 4137 1182 4220 de
1202 4138 1501 4224 munificencia
1535 4148 1679 4224 nostra
1720 4140 1834 4234 alias
1861 4141 2022 4224 eisdem

370 4255 609 4371 benigniter
629 4256 863 4366 providere,
887 4267 929 4341 et
948 4256 1240 4343 benivolencia
1261 4287 1313 4341 ac
1329 4258 1471 4342 afeotu
1487 4257 1896 4372 Circumspeetorum
1907 4259 2022 4346 Con·

371 4380 508 4464 sulum
529 4376 723 4464 Civitatis
760 4372 1002 4481 Beczensis,
1044 4403 1171 4486 quem
1208 4377 1264 4459 ad
1298 4380 1436 4489 ipsum
1476 4378 1682 4490 hospitale
1717 4378 1875 4464 habere
1911 4378 2022 4465 soliti

370 4510 479 4603 sunt,
500 4498 761 4606 habentque,
797 4495 1023 4609 diligenter
1062 4499 1310 4608 perspectis,
1351 4497 1516 4583 Horum
1556 4502 1704 4609 itaquo
1744 4501 1899 4585 intuitu
1918 4500 2021 4610 ipsis

225 4623 227 4628 ’
370 4617 625 4706 Consulibus
646 4643 723 4701 seu
743 4614 1097 4729 gubernatoribus
1134 4616 1321 4704 eiusdem
1358 4617 1590 4729 hospitalis,
1625 4629 1715 4704 tum
1751 4619 1948 4708 alimento
1979 4629 2023 4708 et

471 4857 513 4936 (¹)
536 4852 747 4952 Privilegium
766 4851 840 4930 hoo,
856 4873 874 4951 e
889 4852 1000 4954 tabula
1017 4854 1049 4919 in
1066 4854 1201 4920 archivo
1228 4852 1318 4919 urbis
1343 4854 1436 4953 Bieoz
1450 4864 1633 4954 asservato,
1649 4851 1824 4954 descripsit
1853 4855 2019 4945 Josephus

368 4939 581 5028 bepkoooski.
603 4940 690 5007 Urbs
706 4936 784 5003 olum
797 4949 964 5018 territurus,
980 4961 1066 5005 nunc
1084 4940 1197 5006 circuli
1213 4950 1324 5027 caput.
1339 4936 1437 5005 hodie
1452 4963 1485 5005 ru
1501 4936 1641 5006 Gallicos
1655 4942 1829 5007 invenitur.

474 5027 512 5107 (²)
533 5025 588 5093 Ad
602 5023 774 5092 ecclesium
788 5023 885 5091 uillae
901 5024 1111 5111 parochialis,
1126 5027 1261 5094 Libisosa
1276 5023 1394 5101 diotae,
1407 5025 1548 5111 pertinet
1561 5023 1638 5091 villa
1653 5028 1691 5093 K
1687 5027 1744 5092 nul
1767 5027 1885 5108 (loto).
