5409 6309
1279 775 1788 896 'usa-4¹

688 1032 939 1143 ampliorem*
954 1029 997 1109 in
1017 1024 1122 1107 villa'
1137 1020 1323 1105 Aodrctv
1345 1020 1421 1135 (ῦὸ
1467 1022 1576 1106 dure
1609 1021 1910 1136 Theutonieali
1936 1023 2141 1112 videlieet
2158 1009 2260 1114 notri
2280 1025 2358 1137 ten·
2435 1081 2440 1086 -

688 1177 820 1263 quam
856 1144 1097 1230 omnimoda
1118 1151 1164 1223 et
1183 1140 1310 1250 plena
1339 1136 1536 1224 vohrmus
1567 1141 1757 1249 gaudere
1788 1139 1997 1226 liberate.
2020 1143 2073 1225 de
2092 1171 2185 1255 qua
2212 1153 2357 1230 tamen

686 1262 958 1352 iterumad
979 1257 1190 1343 cautelam
1225 1260 1429 1366 majorem
1463 1259 1631 1368 aliquos
1666 1257 1867 1352 articulos
1886 1260 1960 1342 iric
1980 1258 2179 1344 duximus
2205 1263 2358 1370 expri-

686 1383 875 1466 mendos.
917 1378 1116 1460 videlicet
1134 1385 1185 1459 nt
1202 1375 1304 1458 nulli
1334 1376 1506 1460 omnino
1536 1381 1679 1460 matre
1713 1376 1936 1464 domnioni
1955 1375 2141 1464 subiecti
2159 1386 2247 1461 tam
2268 1379 2356 1468 Os·-

486 1463 489 1470 V
605 1595 608 1601 ,
686 1500 852 1608 stellanj
889 1477 1071 1604 Palatinj
1108 1519 1240 1606 quam
1261 1492 1395 1574 etalii
1431 1494 1729 1603 cuiuscunque
1763 1495 1989 1603 potestatis
2031 1494 2273 1607 dignitatis.
2288 1495 2359 1580 uel
2452 1565 2456 1574 ,

685 1619 857 1703 honoris
881 1617 1064 1698 existant
1084 1621 1160 1693 eut
1180 1608 1321 1695 officio
1342 1609 1411 1694 vel
1428 1612 1659 1714 ministerio
1692 1605 1980 1722 qualicunque
2001 1609 2238 1723 fungantur
2256 1639 2357 1722 pos-

686 1736 773 1819 sint
790 1736 835 1817 in
855 1761 907 1816 ea
925 1729 1258 1816 iurisdietionem
1294 1727 1479 1838 aliquam
1523 1728 1796 1840 aliquatenus
1833 1756 2043 1816 exercere·
2073 1729 2222 1815 'Siue
2246 1739 2357 1842 onus

551 1865 558 1876 '
582 1937 587 1942 ,
684 1853 903 1963 imponere
926 1858 1000 1933 aut
1018 1849 1331 1958 prestacionem
1367 1844 1554 1957 aliquam
1583 1848 1752 1957 exigere
1773 1847 1847 1930 vel
1864 1848 2101 1958 quicquam
2122 1848 2356 1932 exactionis

685 1972 856 2054 nomine
876 1969 1168 2076 cuiuscunque
1190 1973 1455 2073 extorquere.
1486 1962 1580 2049 -Sed
1600 1964 1728 2048 solius
1749 1962 1965 2049 Aduocati
1982 1965 2054 2048 'vel
2072 1963 2263 2075 Solteti(
2287 1965 2296 1983 ⁶
2325 1961 2359 2072 ),

660 2131 664 2144 ›
687 2086 922 2170 seeundum
942 2085 1206 2168 uoluntatem
1228 2092 1272 2164 et
1291 2079 1511 2164 arbitrium
1530 2080 1784 2167 Abbatis'et
1800 2081 2053 2167 (innuentes
2063 2082 2233 2168 ibidem
2244 2091 2356 2172 ‘oon-

537 2267 539 2272 -
688 2204 824 2287 sunu
843 2199 1121 2285 iurisdictioni
1141 2199 1349 2283 suberunt
1370 2206 1413 2279 et
1434 2200 1709 2282 eius-iudiciis
1730 2200 2032 2312 obsequentur.
2061 2201 2356 2309 cuiuscunque

685 2321 829 2431 lingue
851 2320 920 2402 vel
939 2320 1146 2416 nacionis
1162 2316 1333 2402 alterius
1366 2317 1549 2399 existant
1569 2316 1714 2426 (lyces
1733 2316 1926 2401 factive}
1939 2318 2151 2428 inquilini.
2202 2315 2293 2399 Aut
2312 2326 2357 2399 et

686 2433 989 2522 contrahentes
1003 2437 1072 2519 vel
1088 2433 1384 2546 delinquentes
1398 2431 1558 2517 ibidem
1569 2437 1767 2545 quamuis
1783 2433 1884 2518 alibi
1900 2435 2156 2536 domicilium
2170 2434 2359 2518 habeant
2446 2465 2451 2472 ·

687 2555 857 2665 abipso
892 2551 1043 2637 solteto
1078 2555 1170 2636 iure
1206 2552 1506 2635 Theutouicali
1542 2551 1843 2637 iudicabuntur
1873 2562 1918 2634 et
1928 2553 2079 2637 debite
2114 2553 2354 2661 punientur.

684 2671 890 2781 Exceptis
911 2697 1013 2754 sane
1034 2682 1146 2755 terre
1165 2678 1311 2778 nostre
1341 2668 1619 2780 magnetibus
1643 2679 1687 2752 et
1704 2668 1937 2755 baronibus
1958 2672 2033 2781 qui
2054 2696 2153 2752 cum
2173 2670 2356 2754 enormi·

685 2800 751 2874 ter
772 2798 920 2875 corba
956 2790 1100 2898 Oyues
1132 2789 1297 2900 aliquos
1333 2788 1404 2871 vel
1434 2815 1579 2872 eorum
1610 2787 1797 2899 aliquem
1828 2787 2099 2872 moenam·
2113 2811 2191 2868 seu
2220 2786 2355 2894 cyna
2514 2817 2519 2822 ·

687 2901 837 2992 contra
859 2933 933 2990 eos
950 2906 1025 2990 vel
1045 2905 1230 3018 ennom
1253 2929 1413 2989 *eorum
1444 2906 1564 3015 ipsos
1599 2906 1799 2989 videlieet
1826 2914 2060 3013 magnatee
2077 2903 2151 2987 -vel
2169 2902 2354 2988 barones
2456 2957 2463 2968 ·

520 3015 525 3024 ’
664 3052 781 3111 reos
802 3024 910 3109 dure
931 3025 1125 3133 polonico
1140 3022 1444 3134 judicabimus
1486 3022 1653 3130 Oyuem
1670 3033 1773 3108 vero
1794 3024 2056 3107 remittamus
2071 3019 2185 3104 ,lure
2207 3021 2356 3106 Theu-
2426 3043 2437 3057 “

685 3145 829 3229 tonico
848 3141 1152 3226 >dudioandum
1191 3140 1429 3224 seeundum
1464 3142 1582 3251 quod
1602 3142 1645 3223 in
1667 3140 1757 3226 eliis
1789 3139 2050 3250 cyuitatihau
2069 3147 2190 3222 :terre
2208 3148 2357 3225 matre

679 3264 776 3372 jure
817 3260 1115 3369 Theutonicalj
1156 3258 1307 3345 locatis
1344 3253 1435 3365 'fierj
1466 3259 1707 3343 consueuit·
1762 3258 1965 3350 Ceterum
1996 3256 2111 3366 dicte
2141 3255 2354 3367 Oyuitatis

685 3380 880 3461 homines
900 3379 957 3459 ad
979 3378 1267 3486 expeditiones
1288 3373 1410 3457 etad
1431 3383 1573 3458 casua
1593 3377 1883 3462 hedificeuda·
1900 3375 2139 3459 nullatenus
2169 3373 2355 3484 compel-

657 3497 841 3580 rlentur.
862 3519 939 3576 seu
966 3497 1026 3577 ire
1047 3491 1305 3577 tenebuntur
1332 3490 1423 3574 sed
1463 3496 1777 3603 sepedictorum
1819 3493 2014 3579 Abbatie·
2037 3505 2083 3576 et
2119 3500 2354 3580 conuentus

585 3695 591 3702 .
683 3612 986 3722 tantummodo
1010 3612 1242 3697 commodis
1265 3610 1578 3695 etvtilitatibus
1617 3614 1853 3696 intendent
1914 3611 2012 3695 Hoc
2034 3618 2215 3721 excepto
2235 3609 2354 3722 quod
2459 3653 2464 3662 ·

684 3733 721 3814 si
739 3729 850 3815 forte
870 3731 987 3841 quod
1008 3729 1122 3812 absit
1140 3732 1350 3812 exercitus
1370 3757 1641 3840 paganorum
1670 3729 2147 3840 terramingredientnr
2166 3729 2236 3814 vel
2253 3737 2299 3814 <a
2318 3726 2354 3816 ti

684 3849 842 3931 inimici
864 3873 958 3929 eam
977 3847 1184 3930 inundent
1202 3845 1426 3931 manifeste
1445 3848 1508 3930 ire
1528 3857 1739 3932 tenentur.
1769 3852 1882 3947 sicut
1900 3847 2045 3957 Oyues
2067 3847 2245 3931 aliarum
2264 3844 2354 3953 cij·

682 3961 867 4048 uitamm
900 3974 1010 4047 terre
1042 3963 1184 4048 nosue
1215 3995 1302 4078 que
1330 3967 1420 4048 iure
1440 3965 1689 4050 theutonico
1710 3976 1813 4049 sunt
1827 3966 1981 4050 locata.
2032 3965 2100 4049 'lit
2118 3973 2168 4047 ut
2183 3963 2351 4050 demum

684 4091 829 4167 nostre
865 4081 1112 4167 donacionis
1146 4083 1396 4194 perfectioni
1429 4082 1533 4186 nihil
1569 4084 1697 4188 desit,
1717 4085 1934 4168 incudem
1975 4083 2178 4194 Oijrntate
2198 4082 2352 4184 eteius

683 4201 877 4285 disticte
896 4201 1055 4285 nullam
1074 4198 1556 4315 iurisdiceio(sic)nobie
1577 4228 1846 4288 reseruemus
1866 4203 2116 4292 autnostnis
2130 4223 2354 4312 mancuso*

675 4585 678 4600 .
785 4543 828 4623 (⁸)
839 4542 1052 4631 Andwjovia,
1082 4541 1238 4628 polonice
1254 4543 1438 4634 Jedrzejoe,
1467 4539 1546 4610 villa
1567 4541 1648 4635 ,olim
1660 4529 1846 4612 Brzezniea
1865 4540 1969 4624 dicta,
1986 4539 2079 4624 (ride
2094 4536 2231 4608 Codicis
2246 4535 2354 4601 nostri

659 4639 786 4750 ⁴¹Tomi
799 4640 896 4727 hujus
911 4639 1122 4729 privilegium
1135 4645 1353 4732 praemissum
1381 4643 1433 4710 ΝΟ.
1454 4643 1511 4726 V),
1535 4663 1622 4714 nunc
1638 4640 1797 4729 oppidum
1812 4639 1975 4708 territorii
1988 4637 2190 4719 Kielcensis,
2205 4629 2353 4723 regionis

683 4762 765 4807 vero
782 4762 861 4806 suae
877 4751 910 4806 et
924 4740 1103 4826 parochiae
1120 4754 1229 4829 capnt.
1262 4733 1317 4810 De
1332 4743 1526 4809 fundatione
1541 4743 1733 4808 monasterii
1752 4741 2031 4829 Andrejoviensis
2054 4740 2142 4807 conf.
2154 4734 2352 4825 praeclaris·

682 4843 799 4910 simum
816 4863 900 4925 opus
915 4839 1028 4931 lingua
1042 4844 1221 4910 vernacula
1234 4845 1418 4913 Varsoviae
1434 4845 1568 4926 editum,
1592 4844 1646 4911 cui
1659 4842 1788 4910 titulus:
1813 4844 2040 4930 „Starotytaa
2053 4839 2208 4923 Peleka‚”
2225 4835 2352 4918 Tom13

681 4965 748 5031 pag
776 4943 955 5007 145-146.
1343 4969 1345 4978 =
1643 4973 1648 4980 ·
1840 4969 1845 4980 ι
1876 4967 1881 4974 ·
1950 4965 1954 4974 ·
2243 4973 2251 4980 .
