5409 6309
907 848 1299 924 «rra-

345 1052 458 1137 dicta
476 1052 574 1137 villa
592 1051 737 1136 Redeo
755 1010 800 1136 id
820 1046 908 1136 suis
930 1052 1072 1157 metis,
1104 1052 1296 1163 granitys
1318 1059 1361 1145 et
1380 1051 1580 1136 limitibus
1604 1048 1998 1138 circumferencialb

343 1168 407 1256 ter
428 1183 496 1256 est
513 1173 714 1256 distincta
736 1182 779 1255 ct
798 1173 975 1259 limitata
997 1181 1156 1269 etcum
1177 1172 1315 1282 :pleno
1347 1169 1452 1254 dure
1483 1179 1527 1252 et
1554 1169 1676 1254 totali
1708 1170 1905 1257 Dominio
1935 1177 1992 1258 ad

342 1302 533 1405 tempora
561 1295 676 1376 vitae
701 1319 808 1395 suae
829 1291 1075 1394 tenendam,
1112 1290 1374 1395 habendam,
1407 1288 1692 1372 utifruendam
1717 1299 1759 1372 et
1777 1292 1997 1399 possiden·
2103 1288 2108 1305 ’

344 1411 454 1495 dam.
505 1412 730 1496 Praeterea
764 1408 921 1525 viginti
960 1411 1150 1519 quinque
1171 1438 1335 1493 marcas
1359 1434 1601 1521 grossorum
1621 1408 1896 1519 Pragensium
1919 1438 2002 1495 nu-

342 1530 444 1615 meri
464 1524 750 1634 polonicus,
769 1557 876 1641 quas
897 1524 1166 1640 saepedictus
1182 1530 1394 1613 ⁴Dominus
1415 1526 1614 1611 Nicolaus
1637 1528 1691 1609 ad
1710 1529 1997 1615 redimendam

341 1649 622 1759 praelibatam
651 1651 791 1735 villam
821 1649 966 1733 Rudno
997 1648 1178 1730 dedit'et
1198 1649 1413 1733 concessit
1430 1645 1572 1749 nobis,
1594 1646 1662 1727 cui
1683 1647 1773 1755 ipse
1793 1646 1997 1734 Nicolaus

341 1764 636 1878 postmortem
656 1771 912 1878 suam'ipsas
933 1768 1139 1879 legaverit
1160 1780 1202 1850 et
1222 1768 1459 1869 donaverit,
1490 1766 1601 1849 idem
1635 1765 1890 1869 antedictam
1920 1771 2000 1853 vil·

343 1889 425 1972 lam
446 1884 591 1971 Rudno
613 1889 762 1974 eodem
783 1886 891 1971 Jure
910 1884 1107 1991 habebit,
1138 1882 1311 1971 ¹tenebit
1330 1897 1375 1970 ct
1394 1883 1631 1996 possidebit
1659 1885 1821 1966 tamdiu
1843 1911 2000 1993 quous·

344 2030 429 2119 que
450 2009 587 2091 eidem
613 2038 645 2092 a
664 2007 787 2091 nobis
819 2007 1037 2117 praefatae
1057 2009 1213 2119 viginti
1235 2009 1423 2118 quinque
1444 2028 1614 2087 marcae
1635 2030 1877 2116 grossorum
1897 2002 2002 2089 Pra-

344 2128 537 2238 gensium
574 2122 731 2211 fuerint
764 2126 1010 2237 persolutae
1044 2128 1310 2238 integraliter
1329 2136 1374 2207 et
1395 2124 1644 2233 completae.
1705 2123 1756 2207 ln
1792 2124 1911 2206 cuius
1940 2129 2002 2209 rei

343 2247 630 2330 testimonium
650 2258 693 2328 et
711 2247 839 2330 fidem
869 2246 1092 2329 firmiorem
1127 2254 1393 2357 praesentem
1433 2244 1612 2327 litteram
1651 2240 1895 2354 Sigillorum
1924 2272 2002 2329 no·
2122 2244 2127 2259 '

344 2373 526 2449 strorum
558 2360 813 2477 appensione
844 2362 1020 2447 lecimus
1049 2364 1251 2449 roborari.
1287 2365 1430 2447 ¹Data
1460 2373 1508 2446 et
1542 2373 1641 2447 acta
1680 2371 1782 2445 sunt
1815 2361 1923 2445 haec
1958 2365 2003 2446 in

345 2482 499 2593 Tyneta
517 2485 559 2566 in
583 2485 649 2567 die
672 2484 1033 2569 Oircumcissionis
1069 2485 1260 2587 Domini,
1291 2483 1371 2566 sub
1403 2483 1525 2567 Anno
1546 2483 1792 2568 Natiuitatis
1813 2482 2001 2566 eiusdem

343 2600 400 2703 M.
419 2600 547 2688 OOC:
563 2602 745 2687 LXXX.
762 2604 796 2688 I.
856 2603 1157 2687 Praesentibus
1178 2603 1404 2689 Nobilibus
1425 2600 1535 2685 Viris
1555 2601 1760 2687 Dominis:
1792 2599 2001 2686 Michaele

344 2719 397 2803 de
419 2718 658 2826 Fallaciae,
680 2722 959 2832 Borsywogio
982 2721 1033 2803 de
1054 2723 1255 2835 Lepotno,
1273 2719 1542 2807 -Sueutoslac
1564 2722 1617 2804 de
1635 2719 1809 2814 Karrea,
1842 2718 2004 2806 Frene-

343 2837 453 2924 lmne
475 2841 530 2923 de
549 2842 798 2952 Rzeezotory,
822 2839 1007 2925 Sinkere
1030 2839 1083 2923 de
1103 2842 1338 2951 Nemerzyce
1370 2839 1636 2944 haeredibus,
1671 2840 1865 2926 Pascone
1887 2841 2000 2925 dicto

346 2956 496 3042 Stolloo
516 2959 719 3046 Teatibus
741 2962 797 3043 ad
816 2961 1049 3070 praemissa
1081 2963 1246 3046 vocatis
1267 2969 1310 3042 et
1329 2960 1421 3070 alys
1442 2959 1541 3043 viris
1563 2984 1691 3068 quam
1720 2957 1894 3068 pluribis
1915 2959 2002 3041 fide
2149 3066 2152 3073 Ι

259 3076 264 3087 “
346 3076 499 3190 signu.
1224 3110 1256 3145 «

1078 3503 1273 3620 ttxtt

608 3758 1066 3885 munuae-ac
1082 3698 1404 3845 secenum
1420 3710 1562 3857 iser
1579 3736 1744 3844 auno.

381 3938 667 4067 landericus
684 3980 853 4071 ltmgrrire
868 3983 902 4053 et
916 3980 1057 4054 luerim
1071 3999 1127 4053 rex
1140 3981 1227 4054 aaut
1241 3981 1399 4073 oddone
1412 3978 1501 4057 tue
1514 3952 1771 4065 structioribus
1791 3980 1969 4054 commui

805 4184 808 4195 ί
856 4186 858 4195 y
949 4084 1188 4178 tununensis,
1210 4084 1329 4157 mntert
1350 4086 1403 4167 (¹).

359 4304 361 4309 “
390 4306 394 4325 ’
451 4290 503 4393 In
521 4262 687 4377 nomine
711 4292 867 4376 domini
888 4318 1031 4392 amen,
1064 4288 1282 4376 Gloriosus
1313 4290 1432 4376 Deus
1453 4293 1494 4374 in
1516 4294 1674 4375 sanctis
1695 4291 1795 4375 suis.
1817 4302 1861 4376 et
1879 4295 2005 4376 mira-
2050 4296 2060 4307 '

349 4409 447 4495 bilia
467 4414 792 4522 in'magestate,
812 4409 907 4511 Etsi
928 4415 1106 4491 cunctos
1129 4436 1227 4492 suos
1247 4411 1458 4496 ministros
1494 4412 1760 4524 magnificet,
1796 4412 1893 4495 altis
1929 4413 2004 4495 de-

349 4529 731 4616 corathonorib'us.
749 4539 793 4611 et
808 4528 975 4611 celestis
998 4524 1155 4608 efficiat
1173 4527 1426 4614 beatudinis:
1449 4556 1727 4641 possessores.
1749 4531 1839 4616 illos
1859 4542 2003 4616 tamen

380 4770 383 4781 u

409 4798 412 4807 r

453 4765 497 4846 (¹)
516 4752 568 4830 le
587 4761 704 4829 tabula
714 4761 903 4828 authentica
915 4776 1115 4846 pergamena
1129 4760 1320 4825 monasterii
1334 4761 1570 4844 Stauiotcensis
1592 4767 1728 4854 propria
1741 4764 1915 4852 descripsit
1930 4766 2005 4834 Sla-

351 4849 477 4929 wiirslri.
500 4848 648 4938 Sigillum
663 4846 778 4935 majus,
795 4848 875 4913 bene
891 4854 1106 4928 asservatum,
1136 4844 1380 4930 majestaticum.
1417 4847 1566 4929 Funieuli
1581 4853 1677 4917 seriei
1694 4853 1784 4917 rubri
1798 4852 1928 4918 coloris·
1966 4851 2004 4918 In

353 4932 461 5022 sigillo
477 4956 537 5005 rex
552 4933 734 5005 diademate
765 4931 941 5019 insignitus
953 4931 987 4996 in
1005 4931 1088 4998 solio
1116 4928 1245 5010 sedens,
1264 4929 1382 4996 dextra
1408 4952 1506 4997 menn
1521 4947 1684 5020 sceptrum
1706 4946 1805 5014 tenet,
1820 4960 1877 5004 seu
1893 4937 2003 5037 potius

353 5020 480 5089 hastam
503 5020 644 5107 longam:
671 5029 837 5106 sceptrum
851 5016 916 5085 hoc
933 5039 1007 5085 cum
1025 5016 1129 5084 tribus
1145 5026 1196 5083 est
1210 5015 1375 5095 dentibus,
1401 5036 1544 5100 quorum·
1563 5019 1689 5085 medios
1713 5031 1834 5101 rectus,
1854 5021 1909 5087 tlir
1923 5042 2004 5090 vero
2083 5072 2095 5085 .
