5409 6309
1018 879 1291 952 ...327-

337 1081 628 1195 colligendum.
652 1091 695 1166 et
713 1081 937 1166 recollecta
955 1082 997 1164 in
1019 1083 1166 1169 horreo
1201 1082 1503 1194 reponendum.
1538 1090 1580 1164 et
1600 1080 1726 1165 alium
1750 1085 1805 1166 ad
1825 1083 1985 1168 salcan-

338 1206 448 1286 dum.
485 1201 641 1284 falcata
678 1202 1038 1314 congregandum.
1064 1214 1105 1283 et
1120 1203 1268 1303 debito
1291 1201 1430 1284 modo.
1453 1203 1496 1282 in
1517 1201 1670 1284 allodio
1709 1203 1985 1287 ordinandum

336 1324 419 1405 sint
439 1322 597 1405 astrict’
587 1352 618 1427 1,
568 1320 745 1403 tHoc
775 1334 916 1403 tamen
948 1321 1127 1405 adiecto
1153 1322 1269 1430 quod
1289 1349 1385 1403 cum
1406 1319 1676 1428 personaliter
1696 1349 1772 1406 nos
1796 1332 1869 1406 aut
1891 1352 1987 1405 suc·

336 1469 524 1525 cessores
561 1452 738 1551 nostroe.
775 1469 859 1527 vua
895 1467 991 1525 eum
1027 1440 1192 1525 Incolis.
1232 1442 1333 1529 dieti
1354 1438 1494 1547 Regni
1515 1435 1699 1525 Polonie.
1723 1444 1778 1523 ad
1799 1443 1986 1554 aliquam

337 1560 578 1672 generalem
614 1589 719 1670 expe
698 1559 941 1643 edicionem.
981 1570 1051 1642 ext
1052 1590 1098 1642 ra
1034 1546 1279 1643 tlimites
1301 1558 1473 1668 Regni
1461 1584 1521 1637 1re
1519 1558 1808 1693 ”contingerit
1833 1573 1985 1646 extunc

337 1680 400 1771 ab
413 1678 651 1769 homiuibus
672 1707 750 1763 seu
767 1677 1083 1789 iobagiouibus
1104 1680 1281 1790 predicti
1299 1678 1471 1765 Mouast
1453 1674 1565 1783 terij
1588 1703 1663 1791 pro
1685 1678 1870 1767 nobist
1829 1689 1870 1761 et
1891 1710 1986 1769 suc·

337 1780 574 1883 sessoribus
610 1806 706 1881 nost
706 1799 775 1880 rie.
812 1798 899 1893 cari
900 1798 1077 1887 tatiuum
1109 1799 1340 1883 subsidium
1373 1794 1486 1881 licite
1504 1792 1833 1903 postulabimus,
1855 1797 1988 1881 Dum-

337 1920 462 2003 modo
483 1917 581 2001 talis
604 1917 811 2045 generalis
844 1918 1071 2025 expedicio.
1105 1945 1226 2001 suum
1249 1919 1464 2001 sortiretur
1486 1912 1704 2017 effectum,
1727 1914 1772 1999 Si
1793 1946 1913 2021 vero,
1935 1920 1990 2001 ad

339 2037 529 2149 aliquam
543 2037 604 2120 tal
606 2040 679 2135 eru·
696 2037 1009 2145 expedicionem
1042 2037 1282 2147 generalem
1304 2036 1498 2121 edictam.
1521 2032 1646 2119 ureris
1629 2045 1762 2144 tpost
1745 2036 1925 2123 tulatum
1947 2048 1991 2120 et

336 2166 552 2266 receptum
587 2158 855 2241 caritatiuum
890 2154 1137 2242 subsidium
1173 2186 1250 2265 per
1269 2178 1346 2239 nos
1370 2164 1414 2238 et
1432 2180 1699 2239 successores
1734 2166 1921 2242 nosnos..
1947 2169 1991 2242 et

339 2275 491 2383 aliquo.
505 2300 608 2359 essu
628 2303 703 2357 seu
736 2275 1033 2385 inpedimento.
1069 2275 1214 2359 eadem
1245 2273 1475 2382 expedicio.
1494 2300 1591 2357 uon
1621 2274 1900 2361 deduceretur
1936 2279 1994 2361 ad

337 2396 477 2478 finem.
499 2402 584 2483 s'eu¹
597 2395 676 2477 alio
698 2395 856 2503 quouis.
869 2394 995 2479 modo
1016 2393 1283 2503 inpediretur,
1303 2400 1457 2479 extunc
1474 2392 1709 2501 profutura
1729 2406 1774 2479 et
1795 2401 1990 2509 sequenti

338 2515 468 2600 simili·
496 2511 795 2623 expedicione·
814 2512 942 2596 nichil
977 2516 1143 2623 penitus
1167 2514 1266 2597 dare
1282 2511 1522 2617 debebunt,
1543 2514 1623 2597 nisi
1642 2517 1758 2625 prius
1781 2518 1895 2600 dicta
1913 2546 1991 2626 pe-

328 2636 476 2720 cunia
497 2629 869 2742 proerpedieioue
888 2633 964 2717 tali
986 2631 1182 2742 generali.
1205 2631 1330 2716 fuerit
1348 2661 1423 2740 per
1445 2633 1580 2716 dictos
1600 2635 1765 2720 nobiles
1786 2638 1989 2748 exposita

342 2754 626 2841 etdcseruita.
642 2749 852 2837 ¹Similiter
884 2759 1026 2835 autem
1058 2752 1326 2837 caritatiuum
1356 2752 1590 2839 subsidium
1611 2756 1932 2863 postulabimus.
1955 2758 1994 2839 si

340 2873 575 2983 aequando
593 2870 739 2954 filium.
761 2894 837 2969 seu
857 2868 983 2953 filiam
1004 2880 1189 2954 nostram
1220 2872 1429 2955 maritare.
1453 2878 1526 2955 aut
1552 2875 1730 2981 nupcias
1754 2901 1827 2982 pro
1848 2872 1996 2958 liberis·

340 2988 596 3077 nostrimet
616 3014 888 3072 successores
905 2990 1036 3073 nostri
1055 3016 1130 3099 pro
1150 2991 1338 3096 ipsorum
1372 2987 1576 3073 faciemus
1612 3017 1691 3075 seu
1729 2990 1899 3077 sacient
1921 2996 1994 3077 vel·

340 3112 567 3223 iprenses
602 3108 960 3191 alterumcorum
994 3108 1186 3190 coronari
1206 3106 1262 3189 ad
1282 3133 1479 3191 coronam
1501 3108 1600 3191 dicti
1621 3109 1762 3220 Regni
1791 3111 1994 3197 acciderit

342 3229 635 3338 etrcoatinpat,
654 3226 843 3309 homines
864 3252 964 3309 vero
986 3253 1063 3308 seu
1081 3225 1342 3336 iobagiones.
1370 3225 1610 3337 Menanterij
1631 3230 1823 3336 predicti.
1843 3256 1918 3339 pro
1930 3254 1995 3315 ee

341 3348 574 3451 dubsidium
611 3344 905 3429 caritatiuum·
923 3370 1003 3453 per
1037 3346 1176 3428 omnia
1195 3353 1242 3427 vt
1263 3372 1392 3454 supra
1425 3345 1680 3431 tenebuntur
1716 3348 1815 3432 dare
1839 3360 1881 3433 et
1901 3353 1993 3457 sine

342 3464 939 3573 contradicemus-assignare,
961 3461 1162 3547 Volumus
1186 3466 1321 3547 eciam
1340 3472 1384 3545 et
1406 3494 1457 3551 ex
1477 3468 1630 3548 mnata
1651 3467 1776 3551 nobis
1796 3469 1995 3582 benigni-

340 3597 437 3675 tate
450 3585 710 3668 decernimus
732 3592 927 3690 pretextu
938 3582 1225 3694 recolligenda
1237 3583 1431 3692 pecunie
1447 3587 1582 3668 nullus
1598 3585 1865 3672 Rotariorum
1882 3589 1992 3701 (sie),

343 3734 427 3794 seu
437 3704 574 3789 eciam
594 3701 935 3785 ministerialium.
958 3701 1153 3812 quitquid
1174 3698 1270 3816 (sic)
1292 3702 1438 3811 exigat
1458 3710 1534 3786 seu
1553 3707 1739 3815 requiret
1762 3709 1842 3792 nisi
1861 3737 1991 3791 unum

344 3853 537 3941 grossum
559 3823 610 3903 de
625 3820 823 3932 qualibet
803 3821 960 3907 tuille.
990 3818 1134 3903 Preter
1163 3830 1307 3904 autem
1335 3822 1580 3928 premissa,
1586 3824 1714 3907 nichil
1733 3830 1913 3911 omnino
1934 3828 1992 3913 ab

342 3944 555 4032 Ecclesia
569 3938 810 4048 Monasterij
819 3951 875 4023 et
896 3940 1154 4023 Conuentus
1179 3938 1493 4050 predictorum
1481 3971 1526 4023 m
1548 3914 1791 4029 Stouaatltlc'.
1824 3945 1993 4033 Sancti·

344 4060 596 4148 monialium.
614 4059 686 4141 vel
706 3969 942 4143 horninibus
958 4067 1007 4139 et
1026 4063 1214 4173 personis
1238 4059 1479 4143 eorundem·
1501 4061 1692 4146 volumus
1714 4067 1896 4175 exigere.
1917 4096 1993 4150 see

348 4192 604 4320 satorquere
615 4178 855 4290 inquorum
868 4174 972 4290 (sic)
983 4180 1164 4261 omnium
1186 4179 1470 4263 testimonium
1491 4193 1708 4289 presentes
1727 4184 1887 4267 litteras
1901 4185 1992 4269 fieri

315 4290 318 4296 ⁴
345 4303 552 4386 iussimus.
575 4306 618 4379 et
639 4296 778 4406 Sigilli
799 4297 929 4380 nostri
948 4297 1155 4413 autentici
1173 4296 1400 4379 munimine
1419 4299 1620 4383 roborari.
1668 4302 1838 4384 Actum
1847 4300 1993 4386 Croco
2019 4396 2024 4405 ¹

346 4421 439 4504 ule
417 4446 477 4501 ιιι
493 4419 674 4499 crastino
696 4415 825 4499 beate
840 4414 1133 4499 Katberiue
1093 4416 1265 4524 virg-inis
1285 4423 1333 4495 et
1347 4416 1528 4501 Martiris
1549 4420 1750 4531 gloriose,
1773 4421 1894 4507 Anno
1917 4424 1992 4506 do-

345 4542 457 4628 mini
478 4535 709 4641 Millesimo
725 4516 1065 4621 Trecentesimo
1092 4528 1412 4645 Oetuagesimo.
1432 4536 1584 4622 Primo.
1628 4539 1787 4622 Datum
1806 4570 1882 4681 per
1901 4570 1992 4624 ma·-

347 4686 451 4744 nus
448 4653 740 4742 uenerabilis
737 4653 825 4735 viri
860 4651 1069 4787 Johannis
1105 4650 1324 4763 Badlieye.
1377 4653 1626 4793 Oancellarij
1646 4687 1832 4769 supremi
1820 4660 1994 4775 Regni

347 4779 489 4866 nerei
497 4774 668 4861 Bolanis
688 4770 865 4893 predicti
885 4768 1051 4886 (⁹).

453 5029 491 5111 (²)
513 5026 537 5097 J
538 5048 662 5093 oannes
676 5024 741 5109 hic,
756 5022 855 5113 vulgo
870 5022 936 5092 Jen
950 5023 1128 5113 aRadlicy‚
1144 5044 1232 5091 eune
1241 5016 1330 5093 '1382
1340 5026 1409 5110 jem
1421 5025 1484 5091 ierit
1497 5025 1674 5113 episeopus
1690 5026 1927 5099 Cracoviensis.
