5409 6309
1419 831 1696 908 ..384-

736 1041 901 1129 cialium
913 1050 956 1124 et
965 1034 1293 1130 ministerialium
1314 1034 1556 1119 eorumdem
1567 1025 1635 1148 (³),
1650 1032 1771 1120 nobis
1787 1033 2017 1120 monetavit
2029 1034 2127 1148 (sic)
2146 1038 2380 1125 etostendit

736 1189 812 1275 pro
832 1167 952 1271 parte
975 1155 1142 1240 abbatis
1166 1163 1208 1238 et
1228 1162 1462 1239 conuentus
1484 1154 1656 1239 claustri
1678 1165 1722 1240 et
1740 1153 1896 1237 ordinis
1917 1153 2211 1265 predictorum,
2232 1156 2380 1244 humili

734 1307 908 1393 precum
926 1263 1135 1359 in'stanoia
1156 1272 1443 1409 supfflicando,
1463 1282 1676 1386 quatenus
1695 1272 1842 1357 litteris
1862 1275 2020 1390 nostris
2040 1273 2279 1387 huiusmodj
2300 1276 2380 1364 bo·

733 1428 790 1483 na
812 1407 854 1482 et
871 1396 1006 1502 uillas,
1029 1403 1326 1505 ametonesque
1347 1403 1392 1476 et
1409 1392 1567 1478 incolas
1604 1391 1857 1497 earumdem,
1880 1401 1924 1475 et
1940 1417 2017 1475 nos
2039 1392 2233 1502 eximere,
2253 1393 2379 1480 liber·

732 1526 837 1623 tare,
858 1525 900 1602 et
922 1513 1141 1600 absolvere
1165 1512 1444 1623 dignaremur,
1474 1512 1591 1597 iuxta
1619 1511 1860 1597 earumdem
1890 1511 2197 1596 continenciam
2217 1514 2379 1599 littera-

731 1665 837 1722 rum.
867 1634 957 1721 Nos
977 1660 1078 1718 uero
1099 1630 1380 1744 peticionibus
1415 1629 1654 1717 huiusmodi
1688 1643 1893 1739 tanquam
1928 1629 2048 1713 iustis
2086 1640 2128 1714 et
2161 1633 2378 1745 legittimis

732 1754 919 1841 inclinati
939 1763 982 1836 et
1003 1750 1197 1860 specialis
1216 1750 1458 1834 deuocionis
1475 1749 1576 1836 Zelo
1594 1752 1773 1857 accensi,
1795 1749 1977 1833 omnium
2000 1759 2043 1830 et
2061 1749 2249 1862 singulos
2267 1755 2379 1839 omni

735 1884 780 1960 et
799 1874 1054 1985 singularum
1076 1870 1266 1953 uillarum
1288 1867 1514 1953 Ometones
1536 1878 1578 1952 et
1598 1871 1756 1955 incolas
1793 1868 1848 1952 ad
1879 1868 2106 1955 claustrum
2141 1871 2379 1982 predictum

736 1992 1052 2107 quomodolibet
1081 1996 1124 2072 et
1144 2015 1196 2071 ex
1216 1995 1488 2100 quocumque
1522 2000 1721 2101 respectu
1755 1988 2060 2099 spectancium,
2096 1989 2151 2075 ab
2182 1991 2377 2077 omnibus

734 2112 887 2204 nostris
906 2107 1142 2224 Regalibus
1165 2106 1467 2212 exactionibus,
1485 2106 1743 2210 dacionibus,
1761 2106 1960 2213 collectis,
1977 2107 2378 2220 contribucionibus,
2490 2206 2502 2231 ·

734 2231 912 2336 tributis,
932 2228 1026 2340 sepi,
1058 2254 1197 2310 παπαῖ
1216 2225 1445 2339 vulgariter
1459 2223 1651 2340 porudlne
1683 2224 1930 2332 Crob'estlmo,
1966 2227 2191 2336 conductu,
2228 2228 2377 2315 ductu·

732 2353 801 2455 ris,
822 2350 1019 2453 uecturis,
1033 2344 1238 2459 podaodis,
1277 2374 1303 2427 a
1329 2344 1544 2430 laboribus
1567 2374 1775 2458 agrorum,
1795 2346 2007 2452 messium,
2027 2356 2257 2455 pratorum,
2273 2377 2377 2461 pon·

735 2474 858 2577 cium,
882 2480 925 2574 et
942 2466 997 2550 ab
1019 2461 1212 2550 omnibus
1234 2464 1419 2550 omnium
1454 2463 1596 2577 Regni
1630 2466 1761 2551 nostri
1795 2464 2079 2552 Palatinarum
2116 2466 2377 2554 Castellano·

733 2618 838 2692 rum,
866 2588 1194 2695 capitaneorum.
1234 2580 1449 2688 Judicum,
1485 2583 1763 2689 subindicum,
1785 2581 2021 2690 ofiaialium,
2057 2595 2100 2668 et
2131 2589 2380 2700 quorumvis

735 2706 975 2796 eorumdem
997 2703 1194 2817 angariis,
1214 2703 1489 2816 preangariis,
1504 2701 1861 2811 jurisdicionibus,
1896 2704 2304 2816 pertinbacionibus,
2335 2716 2378 2791 et

734 2826 934 2915 molestiis
953 2824 1169 2926 universis,
1191 2822 1421 2925 eximimus
1444 2823 1713 2927 absoluimus,
1746 2833 1789 2906 et
1814 2822 2070 2930 libertamus,
2103 2823 2377 2911 libertacione

733 2955 939 3063 perpetua
959 2953 1002 3026 et
1023 2951 1177 3026 eterna.
1223 2939 1355 3025 Vobis
1376 2941 1506 3054 igitur
1526 2942 1717 3026 omnibus
1750 2950 1794 3025 et
1824 2943 2000 3058 singulis
2031 2944 2283 3054 supradictis
2303 2943 2376 3029 fir·

734 3066 929 3170 missimis
947 3064 1100 3148 nostris
1121 3058 1353 3172 Regalibus
1384 3060 1532 3145 damus
1551 3061 1596 3143 in
1614 3062 1837 3167 mandatis,
1870 3073 2081 3176 quatenus
2102 3064 2217 3152 bona
2239 3074 2281 3147 et
2299 3063 2379 3149 uil-

732 3188 796 3274 las
826 3181 1075 3291 huiusmodj,
1105 3191 1407 3290 cmetonesque
1439 3190 1482 3264 et
1509 3179 1677 3266 ‘Incolae
1709 3182 1959 3287 earumdem,
1991 3184 2103 3270 circa
2133 3183 2244 3267 hanc
2273 3183 2376 3295 ipsis
2420 3246 2457 3327 4

634 3353 637 3360 ·
736 3307 879 3394 datam
900 3312 942 3385 et
961 3327 1206 3386 concessam
1227 3330 1255 3384 a
1273 3298 1395 3386 nobis
1426 3300 1613 3413 graciam
1644 3309 1688 3384 et
1715 3300 1966 3406 libertatem,
2002 3302 2220 3392 dimittatis
2252 3312 2295 3390 et
2315 3304 2377 3391 di-

735 3424 845 3512 mitti
862 3420 1027 3507 faciatis
1057 3419 1171 3503 nulla
1198 3419 1498 3528 impedimenta
1516 3420 1558 3502 in
1579 3419 1771 3505 omnibus
1802 3423 2057 3532 prescriptis,
2089 3424 2148 3508 eis
2171 3431 2246 3508 aut
2266 3423 2378 3532 ipso-

734 3575 828 3634 rum
848 3542 972 3626 alicui
990 3537 1142 3624 inferre
1172 3542 1481 3648 presumeretis,
1517 3538 1594 3621 sed
1625 3567 1697 3625 eos
1729 3542 1843 3624 circa
1872 3541 2109 3654 huiusmodj
2140 3543 2383 3632 libertatem

738 3663 929 3752 debeatis
949 3688 1024 3770 per
1045 3659 1184 3743 omnia
1205 3685 1469 3763 conservare,
1501 3685 1608 3771 quos
1640 3668 1682 3741 et
1711 3688 1787 3746 nos
1817 3660 2083 3769 presentibus
2116 3657 2381 3750 decernimus

484 3864 489 3874 .
587 3877 591 3896 ἱ
730 3777 1060 3893 conservandos.
1091 3776 1256 3860 Harum
1276 3777 1431 3887 quibus
1447 3776 1628 3889 sigillum
1648 3789 1834 3863 nostrum
1858 3791 1922 3863 est
1936 3809 2168 3893 appensum
2183 3781 2375 3868 testimo·

736 3903 805 3990 nie
825 3900 1066 3983 litterarum.
1098 3897 1254 3979 Actum
1273 3896 1315 3975 in
1336 3894 1537 3980 Lanczutd
1568 3896 1636 3978 die
1658 3897 1863 3984 dominico
1895 3927 1981 4012 quo
2014 3909 2209 3985 cantatur
2238 3901 2281 3982 in
2302 3917 2375 3983 ac·

738 4020 867 4108 clesia
888 4014 1043 4100 domini
1063 4013 1252 4099 dubilate
1273 4013 1367 4098 Deo
1395 4018 1529 4100 omnis
1549 4024 1673 4120 terra,
1705 4046 1813 4103 anno
1845 4019 2000 4104 domini
2029 4019 2247 4106 millesimo
2270 4015 2381 4127 qua·'

739 4138 1066 4252 dringentesimo
1087 4136 1292 4247 uigesimo
1314 4136 1457 4242 terci03
1479 4135 1744 4246 presentibus
1759 4137 1918 4222 ibidem
1932 4138 2182 4224 Reverendo
2197 4142 2240 4221 in
2257 4136 2379 4223 Chri·

737 4272 803 4349 sto
824 4267 943 4371 patre
967 4255 1132 4340 domino
1164 4251 1331 4346 Joanne
1354 4255 1420 4337 dei
1441 4257 1585 4366 gracia
1613 4256 1826 4370 Episcopo
1862 4258 2154 4362 Premisliensi,
2184 4285 2265 4341 nec
2295 4283 2378 4341 non

735 4376 991 4493 magnificis,
1003 4375 1183 4458 strenuis
1205 4384 1246 4455 et
1265 4372 1477 4461 nobilibus
1499 4376 1611 4478 uiris,
1643 4374 1903 4489 Sandiuogio
1926 4377 1976 4460 de
2000 4376 2188 4490 Ostrordp
2219 4378 2379 4462 Posna·

736 4500 884 4603 niensi,
915 4493 1082 4581 Jacobo
1115 4495 1166 4579 de
1182 4490 1440 4606 ‘Conieopolic
1467 4493 1705 4579 'Siradiensi
1734 4495 1962 4605 Pallatinis3
1995 4496 2187 4584 Mosticio
2219 4495 2378 4582 Posna-

737 4621 881 4724 niensi,
905 4614 1094 4725 Sbigneo
1117 4611 1171 4727 (⁴)
1193 4611 1451 4724 Rospiriensi
1469 4613 1731 4700 Castellanis:
1756 4615 1960 4727 Spitlrone
1977 4618 2028 4699 de
2045 4617 2258 4700 Tturnouu
2274 4626 2375 4700 tunc

739 4738 973 4847 Capitaneo
994 4732 1147 4819 Russie
1168 4733 1368 4844 generali,
1390 4744 1433 4817 et
1451 4733 1541 4817 aliis
1564 4735 1896 4847 quamplurimis
1916 4734 2110 4820 fidelibus
2138 4734 2374 4849 fidedignis.

843 4921 881 5001 (³)
904 4914 989 4983 Vide
1003 4916 1086 4982 hanc
1101 4915 1244 4982 tabulam
1259 4914 1318 4981 snb
1336 4938 1421 4982 anno
1439 4918 1529 4982 1351.

845 5004 883 5086 l⁴l
909 5000 1056 5089 Sbfdm
1072 5001 1111 5069 de
1127 5000 1326 5080 Akmonia
1342 5026 1360 5065 z
1376 5001 1550 5088 Wysokiej
1565 5000 1669 5091 Θόη,
1692 5004 1767 5072 vide
1781 5003 1924 5071 tabulam
1949 5004 2094 5092 proxime
2120 5005 2379 5093 praecedentem.
