5409 6309
225 1075 237 1099 .
346 1010 632 1120 susannam
651 1018 707 1092 ex'
728 1008 809 1092 s'ua
826 1002 1036 1091 industria
1069 995 1257 1105 inwuire
1288 1005 1501 1118 poterium
1532 1010 1692 1095 damus
1727 1012 2015 1113 omnnem

345 1127 615 1233 mursam,
633 1124 909 1210 admittentes
929 1127 1064 1209 ctiam
1086 1120 1139 1239 cie
1153 1136 1309 1213 'nostra
1334 1129 1482 1237 gracia
1511 1124 1707 1237 speciali,
1738 1131 1856 1240 quod
1886 1130 2014 1216 villae

344 1245 591 1359 praedictae
613 1240 774 1328 civitati
796 1244 936 1329 eidem
956 1243 1221 1352 adjacentes,
1238 1244 1395 1328 eodem
1406 1240 1502 1353 jure
1524 1247 1795 1355 garriebant,
1813 1272 1899 1354 quc
1921 1251 2019 1358 ipsa

345 1365 495 1446 civitas
517 1364 680 1473 gaudet
696 1364 1042 1471 praeseminata*
1086 1356 1316 1445 Praeterea
1346 1362 1547 1458 omnibus
1569 1360 1866 1449 emethonibus
1887 1368 2015 1451 villae

346 1480 484 1563 eidem
506 1482 757 1564 advocatiae
776 1476 1098 1591 adiacentibus,
1118 1476 1332 1583 locandis,
1355 1481 1412 1562 ad
1433 1480 1767 1590 extirpationem
1796 1480 2015 1568 nemorum
2086 1554 2097 1589 .‚

180 1668 186 1679 ,
345 1590 502 1683 ibidem
525 1599 824 1714 et'sylvarum,
857 1600 1008 1681 damus
1049 1622 1078 1679 a
1096 1591 1200 1679 (iata
1219 1600 1435 1707 praesenti
1453 1594 1563 1681 inira
1581 1601 1736 1709 viginti
1756 1624 1890 1683 annos
1913 1627 2016 1688 cona
2126 1672 2131 1679 .
2182 1680 2188 1688 .

345 1714 508 1820 timos,
527 1716 586 1799 ab
609 1710 805 1801 omnibus
826 1719 981 1800 nostris
1003 1713 1218 1798 theloneis
1232 1724 1276 1796 et
1293 1715 1590 1798 exactionibus
1622 1718 1850 1818 universis,
1882 1722 2016 1802 omni-
2081 1771 2083 1777 ,

346 1830 517 1914 modam
556 1833 810 1923 libertatem.
863 1831 961 1932 Qua
979 1834 1133 1941 elapsa
1151 1832 1315 1915 incolae
1337 1833 1524 1914 civitatis
1554 1836 1815 1943 praemissae
1838 1843 1881 1914 et
1900 1862 2015 1919 cmc-

347 1947 499 2065 thones
536 1952 683 2056 villae,
720 1954 794 2060 qui
830 1952 1098 2053 locabuntur,
1131 1951 1185 2031 de
1216 1948 1412 2061 quolibet
1446 1946 1558 2034 festo
1596 1946 1638 2037 S.
1657 1952 1828 2051 Martini
1860 1978 2014 2037 novem

346 2074 491 2158 scotos
524 2092 768 2178 grossorum
804 2068 938 2152 Nobis
971 2071 1137 2153 solvere
1169 2079 1405 2152 teneantur.
1458 2068 1705 2175 Adjecimus
1728 2070 1876 2173 etiam,
1900 2072 2017 2178 quod
2169 2154 2174 2159 ,

328 2182 585 2268 'advocatus
607 2216 704 2269 cum
726 2186 889 2271 civibus
912 2188 1098 2298 civitatis
1117 2185 1377 2299 praedictae,
1397 2213 1450 2268 ac
1472 2216 1569 2270 cum
1600 2188 1751 2270 incolis
1783 2188 2017 2298 adjacenti·
2136 2187 2143 2204 ’

348 2296 435 2381 bus'
460 2304 712 2389 advocatiae
743 2312 1003 2388 memoratae
1024 2307 1068 2388 in
1091 2303 1358 2415 quibuslibet
1387 2302 1690 2388 festivitatibus
1726 2304 2017 2415 infrascriptis,

346 2416 565 2527 videlieet:
589 2423 632 2504 in
651 2422 693 2505 N
695 2424 885 2529 stivitate
924 2422 1110 2531 Christi,
1121 2426 1167 2505 in
1187 2420 1376 2525 Pascha,
1398 2425 1442 2505 in
1462 2422 1718 2507 Pentecoste
1750 2422 1940 2527 Domini,
1964 2422 2016 2505 de

323 2539 505 2655 'mansis
525 2542 731 2649 ipsorum,
753 2539 951 2645 libertate
972 2544 1210 2651 expirante,
1240 2541 1386 2624 decem
1410 2550 1454 2622 ct
1476 2542 1572 2625 octo
1594 2553 1736 2625 scotos
1757 2542 1801 2622 in
1822 2541 2017 2643 solidum,
2067 2526 2072 2549 ’

346 2650 390 2729 in
411 2654 583 2763 signum
602 2657 969 2764 honorificentiae,
992 2663 1048 2741 ad
1070 2659 1187 2767 quod
1207 2656 1352 2745 Poena
1389 2660 1625 2769 vulgariter
1658 2658 1770 2741 dicto
1794 2655 1904 2769 (sic),
1939 2688 2016 2773 pro

346 2795 494 2853 mensa
513 2783 658 2856 nostra
680 2778 782 2858 dare
804 2787 848 2858 et
867 2779 1109 2885 impendere
1131 2777 1217 2858 sint
1237 2777 1442 2860 adstricti.
1494 2777 1679 2860 Demum
1706 2777 1900 2859 volumus
1923 2780 2018 2885 qui·

347 2909 518 3007 cunque
539 2895 713 2976 nuntius
736 2896 931 3002 exparte
953 2908 1098 2979 nostra
1119 2893 1175 2975 ad
1194 2893 1523 3000 praesidendum
1544 2893 1702 2976 ibidem
1717 2894 1892 3000 judicio,
1910 2917 2018 2997 quo·
2050 2922 2052 2925 ·
2198 2918 2201 2925 ·

345 3013 601 3114 tiescunque
643 3009 768 3092 fuerit
811 3013 1059 3121 deputatus,
1099 3008 1226 3094 toties
1269 3012 1505 3107 advocatus
1546 3010 1798 3120 praedictae·
1833 3008 2017 3090 civitatis

346 3129 486 3211 'eidem
520 3134 666 3210 nostro
703 3131 850 3212 nuntio
885 3131 1111 3238 prandium
1151 3154 1283 3209 unum
1304 3135 1380 3209 aut
1400 3158 1475 3211 sex
1496 3137 1641 3213 scotos
1674 3128 1773 3209 dare
1804 3133 2015 3209 teneatur.

347 3247 464 3330 Inter
485 3243 570 3325 alia
591 3242 852 3328 absolvimus
888 3248 1154 3356 praedictum
1191 3243 1418 3328 Cunadum
1455 3247 1711 3328 aduocatum
1734 3252 1776 3325 et
1796 3269 1895 3326 suos
1918 3269 2016 3325 suc·

148 3390 161 3409 ·
251 3408 256 3418 ·
349 3389 558 3464 cessores,
580 3390 767 3447 necnon
790 3362 1074 3468 Cmethones,
1093 3370 1141 3447 ut
1161 3362 1419 3472 permittitur
1437 3362 1548 3475 (sic),
1569 3366 1619 3447 iu
1633 3362 1735 3447 villa
1757 3360 1814 3443 ad
1835 3361 2016 3442 eandem

349 3482 619 3567 advocatiam
640 3490 884 3587 spectante,
908 3484 964 3564 ab
987 3481 1181 3566 omnibus
1197 3482 1369 3589 judiciis
1393 3491 1436 3563 et
1449 3477 1814 3590 jurisdictionibus
1832 3478 2018 3562 omnium
2088 3510 2095 3521 ·

255 3687 261 3696 ,
346 3598 656 3700 Palatinarum,
678 3598 1018 3715 Oastellan'orum
1040 3599 1325 3708 quorumlibet
1338 3600 1552 3708 judicum,
1588 3596 1858 3704 subjudicum
1877 3594 2020 3705 Regni
2114 3698 2116 3705 Α

347 3719 492 3804 Nostri
511 3718 710 3828 poenitus
729 3716 981 3823 liberamus,
1002 3718 1064 3799 ita
1084 3719 1202 3828 quod
1225 3742 1369 3801 coram
1389 3716 1584 3826 ipsis'vel
1606 3742 1750 3798 coram
1773 3706 1918 3820 aliqu‘o
1939 3737 2016 3820 pro
2060 3741 2067 3759 ·

349 3834 766 3949 causismagnisvel
786 3838 929 3944 parvis
950 3836 1052 3919 nulli
1073 3836 1260 3919 debeant
1294 3835 1582 3945 respondere,
1601 3833 1682 3915 nisi
1702 3833 1818 3914 cives
1840 3839 1884 3911 et
1906 3856 2019 3912 eme·

347 3956 499 4039 thones
523 3980 667 4038 coram
687 3974 764 4037 suo
787 3956 996 4039 advocato
1012 3956 1110 4065 jure
1129 3952 1379 4051 theutonico
1406 3948 1769 4063 Maydeburgensi
1786 3947 2020 4057 responde·

348 4064 470 4155 bant
530 4071 781 4171 Advocatus
817 4074 917 4157 vero
953 4064 1197 4183 praedictus
1218 4082 1264 4154 et
1284 4073 1350 4155 sui
1371 4098 1640 4155 successores
1675 4092 1761 4152 non
1796 4066 1903 4176 alias
1937 4058 2020 4149 nial

352 4198 497 4273 coram
526 4180 664 4274 Nobis
684 4190 785 4291 dum
805 4176 952 4273 tamen
972 4216 1048 4299 per
1065 4188 1233 4273 literam
1263 4182 1411 4291 nostri
1441 4190 1581 4301 sigillo
1613 4188 1820 4289 munitam
1851 4182 2019 4266 evocati

348 4308 523 4411 fuerint,
542 4314 637 4391 tum
659 4300 710 4392 de
731 4328 777 4389 se
795 4296 1123 4419 iruerulantibus
1145 4332 1233 4391 non
1253 4310 1377 4391 aliter
1410 4334 1541 4419 quam
1562 4330 1640 4390 suo
1655 4306 1749 4415 jure
1769 4303 2018 4387 theutonico

348 4424 608 4537 respendere·
635 4428 881 4537 'teneantur
937 4424 991 4510 In
1026 4426 1169 4509 causis
1206 4424 1637 4535 autam'eapitalibus
1659 4433 1702 4506 et
1721 4419 2022 4525 criminalibus,

350 4554 468 4656 puta:
490 4541 603 4649 furti,
624 4545 859 4654 sanguinis,
880 4543 1119 4647 homicidii,
1137 4546 1324 4628 incendii
1344 4552 1388 4625 et
1409 4543 1503 4627 aliis
1523 4542 1749 4642 uniuersis,
1770 4538 2023 4621 admodum
2138 4574 2141 4581 ’

350 4662 571 4774 praefatas
594 4656 778 4746 civitatis
793 4658 1017 4771 judicandi
1038 4658 1081 4745 et
1099 4659 1329 4769 formandi,
1349 4657 1520 4771 plenam
1541 4674 1586 4744 et
1605 4655 1894 4745 omnimodum
1913 4656 2026 4740 elar-
2068 4700 2072 4707 ·

352 4784 504 4895 girant,
521 4789 798 4892 potestatem,
829 4789 957 4891 prout
986 4782 1127 4890 ipsum
1138 4779 1215 4888 jus'
1231 4776 1532 4865 theutonicum.
1557 4772 1750 4890 postulat
1769 4780 1812 4857 et
1831 4768 2026 4881 requirit.

352 4899 538 4986 Domum
567 4900 815 5006 statuimus,
839 4896 889 4986 ut
907 4899 1021 4985 idem
1056 4899 1317 5003 adsumas,
1337 4898 1469 4983 ataui
1506 4896 1671 5009 posteri
1700 4888 2031 5001 usquamlibet

1017 5044 1029 5063 ⁸
1817 5018 1879 5085 ὅθ·
