5409 6309
1064 811 1316 884 -ro-
1453 820 1502 906 ,-

878 1128 887 1156 ·
949 1025 955 1040 Χ
1098 1104 1259 1222 suun

747 1306 1186 1394 careum-ore
1211 1306 1283 1391 ro
1308 1260 1450 1410 aare
1473 1309 1635 1396 1245.

319 1485 327 1497 ·
351 1475 628 1550 nolcslaura
648 1474 815 1552 omnus
829 1425 1082 1552 cesarano
1096 1471 1169 1551 uox,
1185 1469 1373 1554 sertertium
1395 1491 1485 1552 suun
1499 1475 1752 1556 noannoeane
1765 1475 1845 1552 tutor
1870 1478 2014 1556 aarum
2061 1483 2076 1512 ·

351 1561 680 1654 mbebuerscmat
702 1559 904 1631 maturum
920 1560 1148 1632 cracoviensem
1173 1557 1361 1635 mumolum,
1388 1557 1427 1629 da
1452 1555 1647 1640 libertatibus
1672 1563 1851 1640 morantii
1869 1564 2015 1656 nonja-
2108 1616 2114 1625 .

1001 1695 1005 1704 .
1037 1641 1160 1727 viena,
1174 1639 1316 1723 (11οῆ0).
1405 1681 1412 1722 ;

450 1818 502 1901 In
521 1817 693 1928 nomine
715 1813 872 1899 domini
894 1842 1030 1896 amen.
1063 1809 1133 1894 Ad
1152 1821 1405 1920 perpetuam
1424 1815 1488 1896 rei
1507 1816 1766 1899 memoriam.
1801 1813 2013 1915 Quoniam

307 1979 313 1991 =
346 1933 463 2018 facta
482 1935 670 2017 humana
711 1939 1108 2042 quantumcumque
1144 1930 1436 2013 memorabilia
1471 1929 1595 2014 facile
1629 1933 1830 2016 labuntur
1862 1964 1915 2016 ex
1935 1935 2013 2019 ho·-

349 2053 507 2134 minum
528 2051 743 2133 memoria.
761 2050 841 2160 nisi
860 2048 1076 2129 literarum
1114 2047 1254 2130 officio
1276 2058 1541 2154 posterorum
1562 2051 1718 2132 noticia
1738 2050 1895 2133 furerint
1912 2079 2014 2136 oon-

347 2179 529 2252 servata.
560 2170 649 2252 Nos
672 2165 972 2275 Sigismundus
996 2165 1064 2246 dei
1086 2166 1224 2275 gratia
1244 2164 1338 2252 Rex
1359 2166 1531 2248 Polonie
1557 2176 1636 2250 etc.
1659 2194 1846 2251 necnon
1877 2176 2011 2250 terra·

347 2315 440 2368 rum
462 2297 543 2367 etc.
577 2283 881 2394 significamus
902 2291 1048 2365 tenore
1078 2283 1347 2391 presencium
1371 2293 1451 2366 etc.
1500 2280 1612 2382 Quia
1642 2282 1906 2366 Venerabilis
1937 2284 2013 2367 Al·

344 2401 491 2485 bertus
514 2403 566 2484 de
589 2402 792 2488 Olodawa
812 2398 963 2482 Abbas
978 2399 1227 2506 -Monasterij
1250 2400 1630 2510 Andrzcouviensis.
1655 2402 1850 2484 exhibitis
1867 2429 2012 2485 coram

345 2518 466 2602 nobis
501 2519 632 2602 literis
663 2518 940 2626 infrascriptis
970 2518 1014 2597 in
1045 2517 1153 2626 pelle
1173 2518 1376 2625 pecorina
1412 2520 1664 2626 conscriptis
1699 2518 1875 2602 Illustris
1912 2520 2026 2612 olim=
2093 2521 2098 2592 ἶ
2145 2513 2149 2518 “

344 2632 525 2745 Boleslaj
546 2637 680 2740 Ducis
703 2635 1000 2726 Oracoviensis
1021 2644 1066 2714 et
1086 2633 1440 2718 Sandomiriensis
1473 2635 1713 2717 libertatem
1733 2664 1760 2716 a
1779 2630 2023 2745 praetacto·-

342 2780 396 2836 ne
417 2779 495 2836 seu
515 2755 729 2838 solucione
750 2749 881 2835 boum
917 2779 997 2833 nec
1030 2779 1115 2834 non
1137 2783 1162 2836 a
1184 2763 1337 2862 stroz'a.
1362 2781 1388 2832 a
1407 2780 1566 2860 powos.
1589 2783 1615 2834 a
1635 2753 1797 2835 bellicis
1836 2755 2007 2862 expedi·
2111 2785 2117 2799 ·

341 2869 546 2954 cionibus.
569 2899 621 2954 ac
643 2870 699 2954 ab
724 2871 964 2952 extruendis
987 2869 1258 2957 arcibusseu
1278 2870 1428 2952 castris
1461 2897 1711 2953 concessam
1741 2871 1784 2949 in
1806 2896 1850 2948 se
1874 2871 2008 2950 conti·

341 2987 553 3071 nantibus.
576 2987 833 3094 supplicavit
855 3014 925 3068 eas
947 2995 1120 3094 propter
1141 2995 1404 3092 vetustatem
1423 2988 1611 3091 ipsarum
1630 2987 1834 3078 innovari.
1859 2997 2008 3067 aucto·

340 3103 554 3214 ritateque
574 3114 721 3186 nostra
740 3101 882 3212 Regia
901 3130 979 3210 per
998 3129 1076 3184 nos
1099 3102 1348 3212 confirmarj.
1397 3097 1587 3201 Quarum
1603 3100 1776 3210 quidem
1791 3099 2007 3184 literarum

340 3215 463 3318 tenor
485 3220 677 3302 estuans

445 3336 507 3424 In
517 3338 686 3419 nomine
708 3334 864 3418 domini
897 3336 1034 3436 nostri¹
1050 3333 1159 3418 Jesu
1182 3335 1520 3420 christianes·
1549 3327 1660 3419 Oum
1692 3341 1809 3430 esset
1838 3340 2007 3417 contro·

387 3455 539 3548 -irersia
558 3450 841 3552 coram-nobis
863 3450 1058 3538 Boleslao
1080 3454 1149 3536 dei
1170 3455 1321 3564 gracia
1347 3454 1457 3536 duce
1478 3451 1754 3536 Oracoviensi
1776 3459 1819 3531 et
1839 3449 2006 3539 Sando-

398 3572 583 3654 miriensi
606 3579 649 3652 et
667 3569 910 3654 Venerabili
939 3580 1075 3654 matre
1108 3581 1253 3653 nostra
1284 3569 1548 3656 Grimislawa
1578 3562 1658 3650 nec
1690 3595 1775 3652 non
1797 3564 1854 3681 (l)
1869 3567 2005 3666 ,collo-

396 3689 499 3798 quio
520 3698 663 3772 nosco
693 3688 736 3769 in
756 3687 966 3795 Pr'juarecb
988 3687 1043 3800 (¹)
1066 3687 1279 3771 celebrato
1302 3690 1412 3770 inter
1449 3673 1653 3772 abbatem
1691 3685 1744 3766 de
1782 3684 2000 3766 Andrzeooo
2041 3713 2047 3724 ·

354 3865 363 3878 -
394 3805 827 3913 nomirremonasterij
848 3805 915 3889 sui
936 3834 988 3887 ex
1009 3834 1096 3888 una
1114 3816 1249 3916 parte.
1273 3814 1316 3887 et
1331 3807 1530 3889 comitem
1549 3802 1804 3886 Michaelem
1835 3800 2003 3906 Castel-

392 3923 536 4010 lanum
558 3922 888 4008 cracoviensem
909 3953 962 4008 ex
978 3925 1110 4008 altera
1127 3925 1296 4009 nomine
1314 3923 1570 4009 Castellanie
1589 3922 1778 4003 eiusdem
1795 3947 1923 4028 super
1948 3919 1998 4001 li·

394 4040 633 4126 hortatibus
645 4039 907 4122 functionum
924 4038 1306 4152 prestacionem(?)
1320 4037 1375 4155 (³)
1396 4041 1468 4124 vel
1487 4068 1707 4122 munerum
1727 4035 1900 4124 inferius
1925 4064 2001 4122 an·

395 4159 565 4246 notatis.
601 4157 768 4242 dicente
789 4158 941 4242 eodem
974 4159 1133 4246 abbate
1155 4186 1201 4246 se
1223 4160 1382 4242 habere
1415 4158 1638 4272 priuilegia
1675 4157 1832 4260 dueum
1867 4153 1999 4246 Kasi-

393 4276 498 4356 mira
518 4276 681 4369 scilicet
701 4282 746 4358 et
763 4272 1033 4360 Leschkonis
1055 4304 1183 4385 super
1203 4276 1387 4385 hijsdem
1406 4274 1685 4358 libertatibus.
1717 4274 1831 4357 idem
1853 4293 1996 4354 comes

334 4559 342 4574 ι
392 4555 400 4569 ο
432 4472 479 4569 (¹)
494 4440 571 4537 Hoc
585 4478 823 4570 transumptum
855 4470 1059 4571 Sigismurndi
1074 4472 1164 4572 regis
1176 4471 1437 4572 confirmationis
1451 4471 1620 4572 literarum
1633 4469 1827 4569 monasterii
1848 4466 1999 4532 Andrea-

248 4611 263 4640 ,
328 4564 667 4718 ploxepgrsposirppatps
678 4554 821 4641 publicus
837 4554 1006 4628 Tabulam
1026 4552 1132 4644 Regno
1146 4555 1326 4641 descripsit
1338 4556 1553 4624 doctissumus
1581 4553 1812 4626 Muczkowslu
1826 4547 1998 4640 (Metrylra
2125 4607 2128 4612 .

434 4689 478 4811 (ll
500 4721 708 4805 colloquium
723 4723 757 4786 in
772 4720 941 4813 Pijarreeb,
956 4722 1099 4788 fortasse
1118 4721 1238 4790 Passa
1258 4721 1418 4807 Ejusdem
1430 4725 1573 4791 nominis
1587 4734 1656 4790 tres
1672 4721 1768 4788 villae
1781 4732 1856 4788 sunt
1881 4721 1916 4785 in
1928 4731 1998 4788 ter·

328 4809 447 4894 fitorio
463 4806 688 4891 Opocznensi,
703 4805 767 4871 alia
779 4828 861 4873 vero
877 4808 912 4874 in
925 4807 1094 4874 territorio
1110 4806 1304 4877 llcussiensi
1318 4817 1449 4893 spectat
1468 4808 1512 4877 ad
1524 4808 1718 4906 parochiam
1731 4808 1828 4876 villae
1845 4806 1949 4876 Potob

432 4893 478 4984 (⁸)
498 4894 660 4970 1101141816
680 4889 780 4966 debet
793 4912 868 4970 esse
877 4892 1121 4986 pessumum?
1198 4932 1204 4938 .

377 5029 518 5074 mnu
1219 5053 1223 5059 ⁵
1434 5003 1437 5008 ·
1871 4992 1891 5055 ,Ι
