5409 6309
1402 823 1675 894 -478—

720 1035 841 1136 cium,
863 1029 970 1113 adeo
992 1027 1070 1110 fuit
1090 1024 1328 1138 neglectum
1352 1034 1394 1109 et
1416 1025 1687 1129 destructum,
1725 1027 1840 1135 quod
1868 1026 1958 1135 jam
1994 1056 2101 1139 pene
2124 1028 2360 1117 desolatum

719 1154 847 1264 longo
869 1160 1055 1259 tempora
1077 1147 1224 1250 extitit,
1245 1173 1322 1257 per
1343 1173 1471 1256 quam
1495 1149 1625 1229 eciam
1648 1146 1876 1230 molendini
1904 1148 2210 1233 desolacionem
2230 1155 2362 1237 nostri
2459 1241 2464 1248 ,

719 1279 945 1380 proventus
988 1268 1123 1350 extitit
1160 1264 1412 1351 deteriorata
1433 1265 1635 1370 condicio,
1671 1266 1784 1347 unde
1804 1275 1902 1376 post
1937 1269 2158 1352 decursum
2198 1269 2364 1380 plurimi

713 1391 830 1502 longi
849 1389 1060 1497 temporis,
1082 1387 1281 1496 prouidus
1302 1385 1500 1471 Nicolaus
1531 1382 1747 1469 Niclouiez
1786 1387 1837 1469 de
1858 1386 2122 1471 Rudoaoticze
2150 1387 2361 1490 heredita·

714 1525 800 1596 tem
822 1521 865 1592 et
885 1509 1191 1590 successionem
1213 1504 1364 1615 prefati
1387 1505 1612 1588 molendini
1632 1505 1885 1613 pretendens
1916 1506 1997 1591 sibi
2018 1506 2070 1590 de
2085 1506 2182 1616 jure
2204 1509 2359 1616 deberi,

716 1629 903 1716 exhibuit
919 1653 1058 1708 coram
1079 1624 1302 1733 Majestate
1322 1634 1465 1709 nostra
1483 1623 1625 1708 literas
1647 1624 1914 1737 priuilegium
1938 1628 2214 1732 continentes,
2253 1655 2359 1739 quas

713 1752 795 1836 sibi
815 1743 1039 1856 approbari
1079 1745 1279 1849 innovari,
1320 1743 1521 1829 ratificari
1562 1753 1604 1825 et
1646 1746 1907 1829 corroborari
1946 1754 2086 1830 nostre
2126 1745 2360 1857 Majestatis

710 1869 962 1984 auctoritate
983 1863 1126 1947 humili
1146 1890 1243 1945 cum
1263 1865 1469 1946 instancia
1491 1863 1729 1973 postulavit,
1770 1865 2007 1976 astringens
2029 1892 2076 1948 se
2098 1875 2141 1947 et
2161 1866 2358 1980 obligans

712 1992 767 2078 ad
794 1984 1143 2069 instauracionem
1169 1995 1211 2065 et
1239 1984 1555 2092 reparaeionem
1587 1993 1715 2093 atque
1745 1984 2111 2069 reedifieacionem
2132 1987 2357 2071 molandini
2402 2087 2407 2096 ἱ

710 2102 872 2223 prefati,
894 2103 1012 2212 cujus
1032 2101 1237 2214 privilegij
1258 2112 1378 2187 tenor
1401 2101 1452 2183 de
1475 2129 1558 2212 quo
1580 2101 1629 2184 fit
1649 2104 1824 2208 mencio,
1861 2104 1913 2185 de
1947 2102 2077 2187 verbo
2098 2103 2154 2188 ad
2175 2106 2351 2191 verbum
2387 2105 2390 2114 '

691 2228 901 2338 ‘sequitur
942 2233 984 2306 et
1024 2232 1088 2305 est
1126 2221 1235 2303 talis:
1286 2221 1398 2324 (Huc
1436 2219 1611 2333 sequitur
1647 2220 1780 2304 tabula
1796 2224 1885 2332 jam
1905 2226 2083 2334 rupertus
2115 2249 2354 2336 caprearu-

816 2467 904 2550 Nos
924 2463 1052 2573 igitur
1071 2459 1220 2569 prefati
1239 2459 1404 2572 providi
1423 2460 1586 2544 Nicolai
1606 2460 1871 2571 Niklijovycz
1895 2460 1947 2544 de
1968 2459 2234 2568 Rodoscba‘cze
2254 2465 2360 2572 peti·

715 2589 877 2671 cionem
900 2592 942 2664 et
963 2579 1222 2665 oblacionem
1237 2581 1399 2690 justam
1422 2590 1465 2661 et
1484 2582 1641 2663 racioni
1664 2606 1893 2665 consonam
1914 2587 2175 2689 reputantes,
2216 2583 2297 2667 sibi
2320 2593 2360 2666 et

715 2707 800 2789 suis
822 2699 1039 2816 legittimis
1061 2697 1378 2784 successoribus
1399 2698 1666 2810 priuilegium
1706 2700 1941 2807 predictum
1979 2700 2171 2784 duximus
2208 2704 2360 2813 appro-

714 2824 912 2924 bandum,
932 2818 1228 2921 innovandum,
1247 2816 1544 2901 ratificandum
1565 2828 1608 2901 et
1625 2818 1990 2922 corroborandum,
2010 2829 2134 2927 prout
2150 2821 2359 2931 approba·

712 2970 819 3045 mus,
839 2939 1106 3039 ratificamus,
1128 2936 1457 3041 corroboramus²
1480 2938 1752 3020 decernentes
1790 2968 1885 3021 eum
1906 2937 2002 3050 (sic)
2023 2938 2150 3022 robur
2178 2950 2221 3021 et
2238 2942 2361 3053 vigo·

711 3092 797 3146 rem
818 3070 1067 3170 perpetuum
1095 3056 1334 3140 habiturum
1374 3051 1517 3139 teno're
1553 3058 1815 3166 presencium
1853 3058 2078 3141 mediante.
2138 3057 2206 3141 Ita
2242 3061 2357 3171 quod

713 3181 805 3295 ipse
825 3177 1024 3262 Nicolaus
1047 3176 1275 3284 *tenebitur
1297 3185 1340 3258 et
1362 3174 1534 3258 debebit
1555 3205 1605 3259 ac
1626 3178 1757 3289 ipsius
1800 3204 2067 3261 successores
2107 3178 2362 3264 tenebuntur
2472 3257 2476 3266 .

686 3331 694 3348 ·
720 3311 762 3386 et
783 3289 1302 3383 debebuntmolendinum
1322 3295 1559 3406 predictum
1574 3297 1665 3407 jam
1685 3325 1798 3406 pene
1840 3296 2097 3380 desertatum
2133 3309 2177 3380 et
2198 3300 2362 3384 desola-

716 3435 805 3505 tum
839 3418 1085 3520 instaurare,
1116 3413 1373 3518 reedificare,
1402 3443 1597 3525 reparare
1623 3426 1667 3499 et
1686 3426 1927 3501 construere
1958 3416 2099 3499 debite
2120 3446 2195 3527 pro
2218 3429 2360 3503 nostra

719 3549 761 3624 et
781 3545 1017 3623 nostrorum
1046 3534 1204 3619 meliori
1225 3533 1484 3638 condicione,
1499 3535 1667 3644 juribus
1691 3545 1733 3618 et
1753 3535 2086 3624 obuencionibus
2121 3539 2272 3622 nostris
2292 3567 2357 3621 re·

657 3659 663 3670 ’
688 3659 1072 3771 ⁴tgalibussemper
1093 3652 1232 3735 saluis.
1264 3651 1313 3736 In
1336 3654 1455 3763 cujus
1471 3656 1532 3738 rei
1552 3655 1838 3740 testimonium
1858 3664 1940 3739 etc.
1972 3654 2126 3738 Actum
2149 3655 2355 3742 Oracouie

712 3777 816 3861 feria
837 3784 988 3885 quarta
1008 3775 1198 3883 proxima
1219 3780 1316 3880 post
1337 3773 1585 3859 dominicam
1603 3773 1823 3860 Invocavit
1838 3775 1879 3857 in
1898 3774 2237 3887 quadragesima,
2253 3776 2355 3861 feria

714 3897 862 4008 quinta
883 3903 980 4001 post
999 3892 1196 3976 Oinerum
1218 3919 1326 3977 anno
1343 3891 1499 3976 domini
1518 3893 1736 3980 millesimo
1778 3894 2116 4008 quingentesimo
2157 3898 2356 3982 secundo.

714 4014 857 4127 Regni
875 4012 1006 4094 nostri
1024 4012 1169 4123 primo.

815 4250 1087 4336 Presentibus
1110 4258 1190 4333 etc.
1259 4317 1263 4324 .
