5409 6309
610 4957 616 4970 '
713 4952 759 5021 ibi

1385 803 1661 876 ..444-

1418 1242 1636 1372 toxxn.
1700 1245 1705 1252 ·
1767 1272 1770 1280 ·
1843 1160 1847 1170 ’
1912 1151 1916 1156 “

804 1611 806 1616 ⁴
830 1501 1225 1630 §tantae-dm
1248 1504 1289 1590 4
1310 1502 1511 1587 nemis
1535 1500 1859 1586 necamus
1883 1498 2035 1589 1468
2054 1509 2221 1584 anno.

698 1731 863 1821 rnen
877 1723 1176 1818 resupnum
1190 1723 1321 1815 nnn
1345 1723 1433 1796 amr
1450 1723 1483 1797 a
1496 1724 1597 1797 rua
1611 1722 1706 1797 sano
1719 1658 1913 1811 umam
1933 1651 2352 1807 mmmmm

606 1857 608 1864 ¹
741 1832 881 1929 uttan
892 1830 1077 1941 reuertar
1098 1824 1375 1903 casimirus
1396 1825 1748 1916 {agellorrlder
1766 1825 1954 1945 irreptor:
1967 1824 2080 1918 supe
2092 1821 2242 1900 naman
2255 1825 2310 1910 pp
2430 1840 2433 1848 ·

807 2041 858 2128 In
877 2041 1045 2130 nomine
1066 2038 1223 2124 domini
1242 2067 1378 2122 amen.
1428 2036 1536 2123 Oum
1567 2044 1784 2151 gestorum
1819 2034 1967 2121 merita
1988 2032 2144 2121 obliuio
2165 2034 2354 2147 siugula-

704 2191 789 2279 qne
808 2160 1033 2245 volvuntur
1068 2157 1149 2243 sub
1185 2167 1375 2269 tempore
1397 2154 1913 2268 ememoriaplerumque
1949 2156 2109 2240 excutit
2143 2183 2196 2239 ao
2218 2157 2355 2254 deter-

704 2283 782 2396 git,
803 2282 944 2364 sinon
964 2277 1119 2378 fuerint
1140 2277 1221 2362 stili
1242 2275 1419 2361 artifieio
1442 2287 1484 2361 et
1503 2279 1673 2361 testium
1695 2277 1972 2361 annotaoione
1992 2283 2236 2385 perennata:
2258 2302 2355 2386 pro·

706 2401 804 2486 inde
825 2426 904 2484 nos
926 2396 1161 2484 Cazimirus
1184 2396 1251 2480 dei
1274 2397 1421 2508 gracia
1442 2396 1536 2504 Rea
1555 2397 1725 2493 Polonie
1760 2422 1947 2514 necnon
1981 2405 2184 2480 terrarum
2222 2391 2356 2482 Grae·

706 2520 826 2610 eouie
850 2516 947 2632 (sio)
971 2515 1243 2621 Sandomirie,
1255 2514 1430 2619 Siradie‚
1450 2515 1663 2622 Laminie,
1681 2517 1870 2620 Ouiauie,
1881 2515 2064 2629 Magnus
2081 2515 2164 2599 dur
2180 2513 2357 2598 Lithua·

707 2642 788 2743 nie,
809 2638 976 2742 Russie‚
997 2637 1265 2749 Prussieque‚
1285 2665 1365 2719 neo
1386 2663 1470 2720 non
1492 2635 1741 2741 (immensis,
1767 2635 2051 2748 Elbingensis‚
2088 2643 2132 2718 et
2159 2633 2359 2720 Pomera·

706 2759 776 2844 nie
798 2757 991 2842 dominus
1014 2762 1056 2837 et
1076 2754 1210 2866 heres,
1231 2755 1286 2839 ad
1306 2765 1556 2867 perpetuam
1572 2757 1632 2841 rei
1646 2757 1890 2840 memoriam
1905 2754 2193 2867 significamus
2213 2765 2357 2856 tenore

704 2875 970 2992 presencium
991 2872 1148 2988 quibus
1171 2875 1343 2984 expedit
1361 2875 1570 2959 uniuersis
1601 2873 1866 2988 presentibus
1889 2884 1931 2960 et
1950 2873 2113 2981 futuris;
2146 2877 2262 2985 quod
2282 2899 2357 2958 ve.-

658 2991 663 2998 ’
706 2983 907 3083 nerabilis
929 3024 980 3079 ae
1001 2992 1236 3106 relligiosus
1277 2992 1461 3078 Michael
1495 2993 1646 3080 Abbas
1682 3002 1831 3079 sancte
1866 2997 2003 3082 crucis
2043 2997 2196 3088 montis
2233 2995 2356 3103 caini,
2500 3025 2504 3036 ·

708 3117 888 3204 deuotus
909 3125 1052 3200 noster
1074 3114 1266 3219 dilectus,
1287 3142 1368 3199 sua
1386 3114 1509 3200 nobis
1539 3116 1783 3201 narracione
1823 3114 2086 3224 monstrauit,
2118 3117 2239 3225 ¹quod
2274 3118 2360 3203 sin·

705 3237 817 3351 gulis
840 3236 958 3318 annis
980 3233 1184 3346 superiori
1203 3243 1394 3347 tempore
1416 3236 1655 3339 transactis,
1677 3236 1719 3317 in
1739 3244 1881 3320 monte
1904 3231 2026 3320 caluo
2041 3237 2360 3322 monasteriisui

706 3381 782 3466 pro
802 3353 912 3458 festo
932 3354 1232 3466 pentecosthes
1255 3355 1310 3438 ad
1330 3354 1535 3439 tenendas
1565 3354 1775 3440 nundinas
1797 3381 1875 3438 seu
1893 3353 2028 3440 forum
2049 3354 2215 3465 annale,
2249 3355 2360 3446 nulla

704 3474 1022 3590 priuilegiorum
1041 3472 1240 3558 firmitate
1260 3472 1517 3579 roboratum,
1551 3473 1696 3586 populi
1723 3475 1945 3562 multitudo
1981 3499 2107 3560 sexus
2142 3479 2359 3587 utriusque

708 3593 870 3680 assolet
890 3594 943 3679 de
963 3595 1267 3679 consuetudine
1290 3594 1515 3694 confluere,
1535 3593 1612 3681 ubi
1631 3593 1841 3698 tubarum,
1874 3594 2168 3706 timpanorum.
2195 3596 2360 3682 fistula·

708 3705 812 3818 rum,
833 3713 1093 3823 aliorumque
1114 3717 1368 3798 musicorum
1389 3730 1596 3824 generum
1631 3715 1836 3798 exercicia
1871 3710 2138 3822 adhibentur,
2172 3716 2360 3804 Chorsa-

709 3858 801 3916 rum
824 3841 1142 3939 ceterorumque
1157 3834 1349 3943 jocorum
1372 3833 1545 3940 plausus
1574 3842 1833 3939 exercentur,
1869 3832 2002 3916 multa
2034 3835 2205 3947 insuper
2238 3834 2362 3937 tirrta,

709 3949 945 4056 homicidia,
976 3950 1143 4060 alieque
1177 3953 1447 4062 enormitates
1469 3962 1512 4034 et
1533 3951 1876 4066 deordinaoiones
1891 3952 2139 4063 plerumque
2169 3956 2362 4042 commit·

710 4077 866 4176 mnan,
888 4093 973 4184 qne
994 4070 1137 4156 cultus
1155 4071 1285 4158 diuini
1305 4071 1506 4183 obsequis
1518 4070 1676 4158 diurnis
1688 4073 1951 4157 etnooturnis
1973 4100 2247 4181 sepenumero
2269 4103 2360 4160 ma·

701 4216 814 4303 gno.
839 4200 938 4278 sunt
969 4191 1274 4306 'impedimento
1314 4190 1429 4276 unde
1481 4192 1730 4277 deordinata
1775 4201 1819 4275 et
1861 4192 2048 4276 enormia
2082 4191 2205 4277 huius
2245 4195 2359 4281 modi

712 4303 915 4395 scandala
936 4309 991 4394 ab
1012 4309 1083 4396 illo
1103 4309 1197 4394 ioco
1218 4310 1261 4392 in
1284 4333 1369 4422 quo
1390 4337 1544 4396 nomen
1566 4311 1723 4396 domini
1753 4312 1923 4396 assidue
1961 4312 2185 4425 innonatur
2213 4313 2361 4399 tollere

712 4458 764 4513 ao
783 4430 960 4541 prouida
979 4418 1273 4540 'prospectione
1294 4456 1559 4515 summouere
1582 4429 1639 4546 (i)
1662 4432 1890 4541 cupientes,
1927 4439 2138 4540 quatenus
2174 4440 2217 4516 et
2241 4432 2361 4519 loeus

711 4550 801 4662 ipse
822 4547 1044 4636 honestate
1067 4547 1213 4633 debita
1232 4559 1517 4660 prosequatur
1536 4558 1579 4635 et
1609 4548 1758 4636 frenes
1792 4550 1900 4638 illius
1935 4552 2178 4639 monasterii
2212 4561 2362 4665 optata

816 4761 855 4866 (ι)
877 4783 962 4850 Ere
1008 4782 1156 4850 emlibro
1171 4784 1416 4870 manuscripto,
1455 4785 1488 4851 ni
1497 4788 1567 4871 jam
1583 4784 1642 4853 snb
1658 4809 1687 4855 a.
1706 4784 1980 4875 1351descriptus
1998 4796 2080 4867 erat,
2095 4763 2361 4856 tabulaaLedne

714 4869 963 5020 Βιὲθεὲοωεοίο
1001 4878 1183 4959 eprompta.
1214 4870 1266 4937 De
1283 4870 1407 4958 oppido
1432 4803 1548 4961 diripio
1565 4871 1755 4940 monasterii
1780 4871 1814 4941 in
1840 4873 1954 4941 Monte
1980 4870 2084 4942 Calvo
2097 4873 2201 4942 looati
2215 4874 2362 4963 proprio,
