5409 6309
1394 798 1670 875 ..334-

1411 1220 1647 1339 dlxviii.

1038 1482 1169 1567 sinc
1187 1480 1315 1565 leco
1332 1483 1389 1562 et
1405 1478 1511 1572 dic,
1529 1496 1681 1562 arom
1697 1480 1838 1562 cero
1853 1474 2017 1564 1384.

723 1702 997 1783 carneuna
1018 1702 1135 1777 ma·
1155 1702 1234 1775 oar
1253 1716 1355 1777 oron
1369 1696 1475 1792 noe
1488 1696 1647 1803 moron
1664 1662 2061 1797 camaranum
2075 1698 2113 1773 o
2130 1701 2329 1781 nomano,

754 1809 884 1900 elimo
905 1806 1045 1894 rutioor,
1066 1806 1212 1895 unum
1226 1806 1366 1876 rrobros
1380 1801 1507 1874 urendi
1525 1800 1633 1877 nonu
1646 1803 1680 1873 ot
1695 1800 1869 1891 perditionis
1882 1818 1990 1876 rornn
2022 1801 2131 1892 litati,
2146 1819 2182 1875 ro
2196 1802 2293 1893 trini,

1162 1926 1164 1933 ’
1232 1903 1387 2000 rjnuoiir
1403 1904 1597 1991 Polonoronr,
1613 1902 1756 1976 murrii
1772 1906 1822 1997 (¹).

801 2116 890 2204 Nos
912 2115 1098 2200 nicolaus
1120 2112 1263 2197 Judex
1282 2110 1500 2224 magnifici
1520 2112 1595 2196 viri
1613 2111 1767 2221 dominj
1786 2111 1990 2223 dobeslay
2008 2112 2151 2198 Castel
2167 2112 2236 2195 ani
2252 2112 2350 2226 (sic)

703 2237 1005 2324 Oraoowiensis
1026 2241 1174 2318 notum
1213 2231 1392 2318 facimus
1426 2231 1692 2341 presentibus
1723 2241 1767 2314 et
1796 2231 1944 2316 futuris
1981 2229 2147 2332 Quibus
2183 2232 2353 2343 expedit

700 2348 905 2441 uniuersis
938 2352 1064 2455 Quod
1100 2370 1195 2436 cum
1217 2352 1271 2435 ad
1291 2362 1476 2459 nostram
1508 2349 1767 2458 aliorumque
1799 2351 2060 2435 dominorum
2089 2353 2351 2463 presenciam

700 2473 922 2560 nobiscum
953 2475 994 2555 in
1024 2470 1179 2554 iudicio
1210 2470 1517 2582 presidencium
1558 2468 1793 2553 Katherina
1827 2470 2086 2553 kmetonissa
2118 2470 2170 2553 de
2201 2470 2353 2553 Lusco·

702 2593 796 2676 wion
817 2589 871 2705 (⁸)
894 2621 946 2675 ex
967 2600 1085 2703 parte
1106 2618 1192 2672 vna
1211 2590 1420 2673 famosum
1450 2590 1585 2672 virum
1613 2586 1834 2672 mikosium
1857 2588 2078 2672 scoltetum
2112 2589 2163 2671 de
2195 2587 2354 2672 elimon-

703 2711 835 2795 ioooioz
856 2707 910 2825 (³)
932 2712 1156 2794 iohannem
1179 2709 1230 2792 de
1252 2707 1481 2820 snepnrdoon
1504 2704 1558 2821 (⁴)
1581 2717 1624 2790 et
1643 2717 1811 2817 petrum
1847 2737 1944 2790 cum
1971 2734 2099 2807 vxpre
2123 2709 2173 2790 de
2195 2704 2354 2793 cleinon-
2452 2712 2457 2719 '
2480 2728 2485 2737 ·

702 2827 834 2913 ioooo‘cz
855 2838 898 2911 et
918 2829 1140 2913 mikosium
1162 2827 1215 2910 de
1234 2828 1475 2940 panidoooo'cz
1496 2824 1539 2908 et
1558 2826 1780 2909 mikosium
1798 2827 1850 2910 de
1867 2822 2139 2910 elimonioouo‘oz
2159 2836 2351 2937 exparte

703 2948 784 3033 alia
802 2974 878 3058 pro
901 2947 1156 3057 quibusdam
1192 2945 1397 3055 incendijs
1435 2944 1647 3041 domuset
1666 2946 1840 3031 aliarum
1874 2973 2010 3029 rerum
2032 2945 2270 3056 perdicione
2292 2947 2352 3028 ci-

700 3071 782 3152 tari
801 3077 1073 3177 procurasset
1091 3064 1148 3149 Et
1169 3093 1266 3148 cum
1297 3064 1446 3148 eadem
1479 3093 1612 3148 eausa
1639 3065 1682 3146 in
1703 3066 1865 3150 'multos
1897 3066 2106 3150 sevarios
2141 3065 2352 3149 terminos.

700 3187 949 3271 wolueretur
967 3187 1206 3287 intermino
1237 3184 1516 3294 peremptorio
1547 3186 1765 3293 utriusque
1785 3184 1975 3295 partibus
1997 3183 2094 3298 (sic)
2116 3212 2258 3270 coram
2278 3210 2354 3269 uo·

700 3304 768 3389 bis
788 3305 1062 3414 personaliter
1093 3304 1346 3389 constitutus
1377 3302 1631 3388 Memoratus
1668 3302 1868 3387 mikcsius
1889 3303 2090 3387 scoltetus
2113 3306 2293 3387 asserunt
2312 3314 2355 3389 et

700 3424 866 3509 locutus
889 3433 954 3506 est
976 3423 1191 3507 euidenter
1212 3419 1339 3523 Quod
1361 3451 1443 3506 non
1466 3422 1567 3504 alias
1582 3424 1662 3505 nisi
1677 3421 1719 3505 in
1736 3418 1971 3507 hereditate
1990 3420 2094 3506 dure
2115 3451 2192 3507 suo
2209 3421 2354 3507 Theu-

701 3543 877 3627 tunioali
894 3541 1067 3626 cuilibet
1084 3542 1184 3629 dese
1195 3538 1292 3655 (sic)
1305 3540 1545 3652 querulanti
1562 3551 1805 3624 tenerentur
1819 3542 2072 3651 respondere
2084 3538 2210 3641 Quod
2225 3543 2354 3652 priui-

699 3662 780 3747 leio
804 3660 899 3774 (sic)
922 3660 1110 3744 eiusdem
1131 3660 1376 3743 hereditatis
1397 3660 1502 3741 iuste
1524 3652 1689 3769 ydonee
1712 3669 1755 3743 et
1774 3659 2029 3745 sufficienter
2050 3661 2193 3745 docuit
2212 3661 2352 3772 adque

702 3781 925 3890 aprcbauit
937 3778 1047 3893 (sic).
1072 3777 1208 3888 Super
1230 3807 1317 3891 qua
1337 3778 1509 3890 quidem
1529 3778 1787 3890 probacicne
1806 3780 1917 3864 idem
1938 3780 2136 3863 mikosius
2152 3778 2359 3867 scoltetus.

704 3926 731 3982 a
750 3896 872 3982 nobis
903 3898 985 3982 sibi
1016 3896 1106 3980 dari
1135 3898 1257 4010 petijt
1285 3907 1524 4007 presentem
1544 3899 1709 3983 literam
1730 3897 1981 3984 Judioialem
2000 3898 2051 3984 In
2073 3901 2191 3982 cuius
2210 3900 2271 3983 rei
2289 3888 2355 4019 te]

806 4163 856 4244 (Ὗ
869 4159 898 4227 Ε
912 4160 1025 4227 tabule
1050 4160 1238 4226 authentice
1261 4182 1460 4248 pergamena
1484 4159 1675 4243 Stanipiciis
1691 4160 1723 4226 in
1737 4156 1871 4228 archivo
1885 4160 2074 4229 monasterii
2089 4171 2267 4243 asservata,
2284 4162 2356 4230 Sia-

700 4247 818 4315 wir'rslri
843 4245 1027 4334 descripsit.
1065 4245 1224 4311 Taeniola
1249 4269 1446 4333 pergamena
1471 4269 1649 4334 appensum
1666 4255 1717 4313 est
1731 4248 1836 4313 minus
1852 4245 1994 4335 sigillum
2009 4247 2049 4313 de
2064 4271 2143 4314 cera
2156 4247 2282 4334 vulgari
2299 4247 2356 4314 sed

701 4333 813 4401 viridis
829 4331 960 4411 coloris3
976 4330 1118 4418 sigillum
1132 4344 1164 4396 et
1178 4330 1280 4397 verba
1294 4331 1327 4395 in
1343 4331 1464 4397 ambitu
1481 4337 1609 4419 penitus
1626 4332 1742 4403 deleta
1764 4332 1802 4399 ln
1818 4332 1919 4399 altera
1930 4341 2027 4418 parte
2042 4333 2169 4400 tabulae
2182 4333 2356 4420 inscriptio

702 4418 857 4505 polonica
871 4414 974 4484 seculi
990 4415 1107 4483 decimi
1123 4416 1228 4499 quinti
1243 4437 1391 4501 sequens:
1415 4416 1457 4482 In
1471 4421 1585 4487 irrdioio
1600 4421 1719 4509 (lominp'
1735 4418 1941 4487 Cracooieoeo'a
1964 4419 2143 4508 Wijwodn'ij
2156 4419 2219 4484 liei.

702 4565 709 4575 .
807 4522 846 4600 (il
869 4520 1076 4606 Lpozlcowiee‚
1103 4518 1181 4587 villa
1209 4519 1436 4591 cracoviensis
1451 4520 1750 4608 cumputandum,
1780 4519 1878 4589 hodie
1906 4520 2050 4606 regionis
2065 4518 2355 4597 Rroszouioemia

701 4603 877 4690 parochiae
892 4625 970 4669 vero
985 4603 1082 4668 villae
1096 4606 1276 4672 Koniuozlco
1292 4606 1410 4672 diotae.
1473 4608 1480 4617 ⁴
2136 4623 2140 4633 '

806 4707 848 4785 (³)
872 4705 1067 4784 Kremaste,
1089 4715 1157 4773 tres
1172 4707 1266 4771 villae
1294 4717 1368 4773 sunt
1389 4706 1531 4773 e'usdem
1560 4706 1698 4773 nominis
1711 4706 1747 4771 in
1763 4703 1976 4775 cracoviensi
2004 4706 2184 4794 provincia,
2212 4707 2357 4792 regionis

701 4811 781 4855 vero
800 4797 875 4855 sunt
895 4788 1109 4865 llcussiensis‚
1141 4790 1369 4858 Cracoviensis
1397 4800 1407 4873 l
1438 4791 1688 4871 roszovicensisl
1705 4800 1738 4856 et
1752 4790 2018 4861 Miechoviensis:
2032 4802 2183 4880 spectant
2197 4792 2238 4859 ad
2251 4813 2355 4880 paro·

702 4874 823 4943 chieles
838 4871 992 4938 ecclesias
1005 4873 1040 4938 in
1054 4871 1179 4953 Niwka‚
1195 4877 1378 4961 Mstyozow
1393 4885 1426 4940 et
1443 4875 1659 4941 Proszowico.

808 4957 847 5041 (⁴)
872 4956 1072 5047 Nieparddw‚
1087 4956 1165 5022 villa
1178 4958 1377 5046 parochialis
1391 4959 1646 5027 Miechovieusis
1659 4959 1756 5029 lro'die
1770 4959 1924 5048 regionis.
