5409 6309
1408 869 1679 940 -456-

710 1077 853 1194 'quam
874 1077 1024 1162 habuit
1052 1071 1209 1155 ibidem
1239 1071 1281 1152 in
1313 1070 1572 1165 sconowe,
1585 1098 1659 1184 pro
1682 1063 1897 1154 Ortulania
1915 1074 1958 1152 in
1979 1068 2278 1183 Sczepuooru'cze
2295 1072 2362 1187 (θ),

727 1202 782 1282 ad
823 1226 950 1306 quam
982 1191 1241 1279 Ortulaniam
1286 1192 1375 1301 ipse
1407 1190 1608 1275 Nicolaus
1654 1190 1817 1274 addidit
1860 1189 1941 1273 sibi
1985 1187 2170 1300 dohannj
2213 1192 2360 1277 decem

725 1345 887 1402 marcas
919 1342 992 1424 pro
1024 1312 1172 1395 eadem
1203 1319 1316 1393 sorte
1344 1309 1520 1420 predictj
1542 1307 1763 1406 «lobannis.
1795 1311 2089 1395 commutando
2111 1321 2262 1394 terram
2282 1342 2359 1423 pro

727 1450 837 1521 terra
868 1463 964 1517 cum
997 1432 1108 1517 omni
1138 1427 1243 1512 Jure
1276 1440 1318 1511 et
1346 1438 1435 1513 toto
1480 1425 1664 1513 dominio
1706 1429 1833 1516 nichil
1870 1429 2114 1541 excipiendo
2151 1439 2276 1540 prout
2306 1433 2361 1515 ad

725 1560 909 1667 ipsorum
939 1551 1052 1636 bona
1082 1547 1136 1632 ab
1169 1548 1345 1658 antiquo
1366 1548 1598 1658 'spectabat
1628 1557 1671 1633 et
1697 1547 1940 1659 pertinebat
1975 1550 2033 1656 Et
2071 1552 2155 1634 iam
2186 1551 2288 1662 ipsis
2318 1554 2362 1635 in

727 1675 875 1760 eadem
926 1671 1038 1754 bona
1082 1667 1262 1750 invicem
1308 1667 1514 1748 dederunt
1555 1667 1903 1753 intromissionem
1940 1669 2020 1778 per¹
2052 1667 2363 1754 ministerialem

670 1875 675 1886 ,
723 1793 857 1888 Bolch
888 1792 940 1874 de
970 1787 1072 1873 Jure
1104 1787 1292 1874 additum
1322 1786 1379 1868 Et
1410 1785 1565 1870 debent
1594 1815 1641 1870 se
1669 1814 1745 1898 pro
1778 1787 1936 1869 eisdem
1972 1786 2090 1872 bonis
2122 1799 2266 1876 mutuo
2292 1800 2365 1880 ,tu-

729 1914 786 2025 erj
818 1920 860 1992 et
890 1908 1147 1991 intercedere
1178 1937 1204 1989 a
1236 1905 1428 2013 qualibet
1446 1931 1638 2017 'persona
1665 1910 1783 1989 iuxta
1813 1903 2105 1992 «lurisformam
2137 1910 2367 1992 secundum

627 2123 632 2138 ⁸
729 2029 842 2145 quod
864 2027 920 2111 ad
941 2054 1069 2136 quam
1088 2045 1310 2136 personam
1329 2028 1510 2135 pertinet
1528 2026 1795 2135 prescripci0.

833 2149 957 2232 1510.
987 2145 1038 2232 In
1069 2148 1186 2230 cuius
1216 2146 1276 2226 rei
1305 2144 1589 2230 testimonium
1622 2143 1768 2258 sigilla
1796 2153 1940 2230 nostra
1970 2144 2235 2253 presentibus
2267 2157 2365 2229 sunt

725 2267 995 2376 subappensa
1024 2265 1138 2350 Data
1168 2263 1445 2371 exposicionis
1475 2263 1599 2378 huius
1629 2265 1748 2348 litere
1777 2263 1820 2347 in
1856 2261 2024 2348 l7islr’czo
2053 2263 2158 2349 feria
2178 2265 2367 2368 secunda

726 2397 825 2502 post
855 2385 1104 2469 dominicam
1134 2383 1355 2471 Invocauit
1375 2380 1429 2496 (⁷)
1460 2384 1650 2494 proxima
1680 2383 1803 2468 Anno
1835 2381 1989 2495 dominj
2011 2383 2225 2470 Millesimo
2247 2385 2369 2497 quin-

671 2611 675 2620 ,
731 2506 965 2620 gentesimo
999 2503 1160 2589 decimo
1188 2503 1452 2616 presentibus
1488 2502 1707 2588 Nobilibus
1747 2500 1878 2588 Paulo
1910 2502 1964 2588 de
1999 2502 2268 2614 Sozaworzyoz
2295 2502 2370 2616 (Β),

730 2624 944 2737 Raphaele
977 2623 1027 2706 de
1061 2620 1270 2706 Goluclrorc
1308 2621 1559 2731 Camerarijs
1595 2621 1773 2708 Nicolao
1801 2620 1855 2704 de
1874 2621 2022 2706 Parwa
2040 2619 2265 2726 Korinirzo
2294 2621 2371 2708 Jo-

730 2748 868 2829 hanne
902 2740 1142 2853 Gredowslcy
1180 2740 1378 2828 dohanne
1428 2737 1641 2850 Czcooczlop
1681 2742 1738 2825 Et
1804 2741 1871 2854 hJs
1908 2741 2221 2854 quampluribus
2252 2745 2370 2824 testi·

730 2863 810 2948 bus
833 2864 946 2946 circa
965 2862 1168 2971 premissa
1188 2859 1272 2944 fide
1294 2859 1444 2971 dignis.
1872 2896 1875 2903 ·

834 3117 875 3196 (ὅ)
898 3113 1147 3203 διαιραποωὶει,
1187 3112 1269 3178 duae
1305 3109 1452 3197 ejusdem
1480 3110 1618 3179 nominis
1642 3121 1723 3186 ‚sunt
1752 3110 1847 3176 villae
1864 3141 1867 3146 ¹
1883 3111 1917 3176 in
1947 3108 2159 3180 cracoviensi
2187 3111 2370 3199 provincia,

729 3198 994 3267 Proszovicensis
1024 3207 1058 3262 et
1084 3196 1339 3266 Miecboviensis
1361 3194 1514 3346 rppionis
1535 3197 1702 3276 Καεαηοω,
1725 3195 1881 3283 oppidum
1911 3204 1962 3263 est
1989 3193 2250 3263 inRadomiensi
2278 3196 2372 3261 terri-

730 3285 828 3361 torio,
854 3294 888 3350 et
915 3282 1059 3367 ejusdem
1079 3284 1219 3351 nominis
1237 3282 1367 3348 villain
1415 3282 1581 3348 ouiecensi
1604 3284 1751 3364 (Kanaka
1780 3281 1869 3361 urbs)
1886 3281 2030 3366 regione,
2055 3295 2228 3367 utrumque
2243 3282 2277 3348 in
2293 3281 2373 3350 San·

734 3369 920 3436 domiriensi
936 3368 1012 3434 olim
1026 3369 1206 3519 provincia.

837 3454 876 3534 lli
898 3454 936 3521 Id
950 3464 1010 3532 est,
1048 3452 1077 3516 ie
1093 3456 1132 3520 18
1146 3452 1315 3521 Februarii
1333 3453 1414 3517 1510
1428 3474 1522 3517 enno.

835 3542 873 3621 (ὅ)
898 3538 1094 3626 sommoya
1109 3539 1184 3605 villa
1199 3535 1396 3626 parochialis
1413 3535 1641 3606 Stobnicensis
1657 3535 1799 3623 regionis
1807 3543 1841 3603 et
1852 3536 2015 3603 territorii
2026 3533 2188 3607 Gotuooo
2201 3535 2277 3602 villa
2292 3535 2374 3606 Sto·

732 3625 894 3694 buicensie
909 3626 1076 3702 territorii,
1092 3624 1348 3710 Szydlowieusis
1359 3622 1522 3712 regionis.
