5409 6309
1056 868 1343 951 astu-a*

877 1342 908 1357 ··
968 1234 975 1249 ’
1075 1295 1312 1412 clxxiv.

698 1478 701 1487 Δ
873 1462 1326 1683 wedekind}
1344 1570 1512 1639 unna.

325 1799 327 1801 ·
367 1710 388 1725 U
412 1774 765 1868 hamersten,
778 1774 1063 1851 mnesteus
1077 1702 1762 1864 commemorantibus-as·
1788 1712 1985 1863 wm-

888 1877 1065 1997 ulrtsm
1079 1880 1113 1950 rt
1130 1880 1289 1967 pumirs
1304 1894 1429 1951 trouu
1440 1879 1493 1961 (¹).

416 2092 419 2099 ‘
466 2080 517 2171 In
539 2090 706 2172 nomine
726 2084 896 2171 Domini
917 2083 1067 2169 Amen.
1121 2081 1330 2187 Quoniam
1361 2084 1556 2170 universa
1576 2084 1750 2199 negotia
1771 2111 1898 2197 saepe
1919 2082 2025 2169 faci·

362 2205 444 2289 lius
467 2215 728 2291 evanescunt
749 2235 825 2316 por
844 2204 1101 2290 volutionem
1122 2213 1359 2317 temporum
1381 2205 1435 2289 ab
1457 2205 1643 2287 humana
1670 2204 1889 2309 memoria,
1911 2233 2034 2344 (puae,

362 2352 445 2408 non
465 2323 635 2409 fuerunt
655 2324 881 2409 sufficienti
902 2324 1112 2407 literarum
1134 2322 1240 2408 serie
1263 2307 1524 2432 testiumque
1555 2324 1808 2407 adminiculo
1832 2352 1882 2406 ac
1904 2322 2023 2437 agit

361 2432 496 2555 lorum
527 2444 784 2555 appensione
816 2442 987 2531 firmiter
1018 2454 1263 2555 perennata:
1311 2442 1492 2527 Proinde
1513 2470 1588 2526 nos
1611 2441 1798 2553 Stanczy
1829 2441 2021 2527 Andreas

363 2566 405 2645 et
425 2558 614 2647 Joannes
635 2563 786 2649 fratres
807 2563 943 2646 uterni
965 2573 1007 2646 et
1026 2560 1218 2646 Heredes
1241 2564 1292 2644 de
1311 2560 1492 2675 Slupcza,
1516 2560 1571 2644 ad
1592 2562 1894 2667 universorum,
1915 2589 2024 2674 quo-

360 2709 453 2764 rum
472 2685 644 2767 interest
665 2693 787 2779 eta...
812 2684 953 2765 divina
973 2709 1049 2764 nos
1070 2682 1300 2792 inspirante
1323 2683 1482 2791 gratia,
1518 2708 1593 2791 pro
1624 2682 1760 2766 salute
1781 2694 1924 2767 nostra
1943 2711 2022 2793 pa·

311 2872 315 2883 Χ
348 2810 615 2915 ⁴centumque
636 2813 873 2885 nostrorum
895 2804 1009 2885 viam
1031 2801 1253 2883 universae
1277 2802 1413 2885 carnis
1428 2800 1518 2910 jam
1541 2801 1700 2883 dudum
1721 2804 2023 2913 ingressorum:

361 2919 555 3005 Dotionis
579 2920 675 3035 (sic)
708 2920 845 3003 Patris
865 2921 1016 3023 nostri,
1036 2920 1231 3002 haeredis
1253 2918 1409 3002 ibidem
1433 2921 1486 3002 de
1508 2917 1695 3029 Slapczo,
1718 2930 1762 3003 et
1782 2921 1925 3002 matris
1945 2947 2023 3004 no·

360 3048 472 3121 strae
496 3038 798 3142 Swietochnae,
818 3039 977 3121 Mimini
992 3036 1111 3151 (sici)
1133 3065 1318 3121 necnon
1340 3050 1381 3121 et
1398 3036 1626 3150 Clementis
1643 3036 1852 3121 Avunculi
1875 3039 2020 3136 nostri,
2047 3056 2053 3073 ‘

359 3158 455 3243 olim
477 3167 793 3242 antecessorum
824 3166 1080 3261 nostrorum,
1111 3157 1315 3240 heredum
1338 3158 1389 3241 de
1417 3156 1584 3257 Grudelc,
1621 3167 1922 3240 testamentum
1942 3184 2019 3266 pe·

359 3306 491 3362 renne
520 3278 696 3387 speciali
727 3276 950 3361 devotione
983 3277 1264 3377 decrevimus,
1287 3285 1330 3357 et
1349 3278 1472 3367 nullis
1494 3275 1764 3361 obstantibus
1786 3305 1866 3359 neo
1886 3277 2021 3386 impe·

361 3397 594 3499 dientibus,
629 3395 924 3505 praesentibus
963 3422 1174 3499 creamus,
1197 3407 1239 3478 et
1259 3393 1601 3509 indissolubiliter
1637 3396 1770 3480 ordini
1801 3395 2020 3480 Ecclesia·

361 3516 467 3600 stico
503 3513 752 3598 stabilimus·
774 3514 1028 3623 hujusmodi.
1080 3513 1276 3599 Discreto
1306 3518 1395 3597 viro
1417 3515 1601 3605 Domino
1630 3515 1808 3601 Nicolao
1848 3516 2021 3601 Rectori

363 3635 579 3721 Ecclesiae
601 3635 653 3716 de
675 3634 768 3717 vico
792 3634 880 3715 sive
901 3631 1146 3716 Przedom‘co
1168 3632 1235 3746 (2),
1256 3636 1299 3716 in
1321 3633 1524 3717 honorem
1544 3634 1644 3741 Dei,
1683 3633 1725 3720 S.
1748 3635 1907 3720 Mariae
1928 3635 2022 3719 Ma-

362 3755 435 3838 tris
457 3754 509 3838 D.
534 3764 577 3836 et
599 3752 675 3838 SS.
697 3752 874 3835 Domini-
897 3749 1055 3834 ibidem
1090 3751 1365 3837 Patronorum
1390 3752 1579 3863 ejusdem
1599 3752 1821 3838 Ecclesiae
1844 3756 2020 3838 donavi-

360 3903 453 3957 mus
474 3866 766 3984 praesentibus
790 3879 831 3953 et
854 3870 1001 3953 damus
1023 3898 1150 3953 unam
1172 3868 1414 3954 Tabernam
1438 3874 1493 3954 ad
1516 3867 1730 3957 Orientem
1753 3883 1850 3956 ante
1869 3873 2020 3958 Eccle-

362 3995 467 4076 siam
488 3991 783 4076 Podoliensem
804 3992 928 4072 sitam
948 3991 1193 4089 etlocatam
1216 4019 1342 4103 super
1362 3992 1478 4077 littus
1499 3993 1621 4077 rivuli
1643 3991 1884 4105 Praedonicu
1906 3993 2020 4097 dicti,

361 4139 545 4195 necnon
567 4121 609 4192 et
631 4110 682 4191 de
702 4102 937 4197 redditibus
968 4100 1213 4196 nostrorum
1236 4121 1515 4220 proventuum
1537 4106 1659 4196 villae
1682 4106 1821 4194 dictae
1841 4110 2018 4195 Posado·

357 4250 424 4313 'wa
446 4226 499 4341 (³)
537 4258 667 4313 unum
701 4259 853 4341 agrum
890 4224 1071 4314 Joannis
1109 4228 1210 4311 dicti
1242 4228 1500 4316 Osansconis
1522 4230 1777 4316 habendum.
1829 4230 1886 4316 Et
1906 4228 2018 4313 idem

361 4344 517 4441 Rector
538 4376 666 4460 saepe
689 4346 828 4432 dictae
849 4346 1069 4431 Ecclesiae
1092 4357 1136 4429 et
1154 4348 1220 4432 sui
1241 4378 1527 4455 successores,
1558 4351 1711 4434 nostris
1741 4378 1818 4462 pro
1849 4344 2019 4471 praedi·

469 4614 506 4693 (¹)
530 4608 695 4699 doscphus
722 4608 922 4696 Eephowslri
949 4610 1201 4679 communicavit
1229 4612 1399 4681 nobiscum
1413 4612 1557 4683 tabulam
1573 4612 1670 4695 hanc,
1693 4612 1786 4698 cujus
1811 4610 2017 4705 archetypos

361 4694 487 4766 invilla
503 4692 615 4763 Podole
631 4705 826 4760 asservatur.

452 4780 591 4854 rocoa,
616 4776 697 4844 villa
710 4794 801 4845 -oum
824 4774 964 4877 eeclesia
986 4778 1168 4867 parochiali
1180 4779 1215 4844 in
1229 4781 1367 4866 regione
1393 4781 1606 4862 Sandocensi,
1630 4782 1804 4871 provincia
1829 4781 1906 4849 osu
1931 4779 2016 4851 Ora·

361 4867 510 4937 coviensi
525 4867 647 4949 (1676),
663 4886 748 4930 nuno
763 4863 796 4929 in
811 4861 960 4931 Gallrcra.

469 4953 507 5034 Ρ)
533 4950 731 5025 Przcdanira,
746 4948 825 5014 villa
838 4948 1034 5038 parochialis
1049 4949 1148 5016 etiam
1163 4950 1197 5016 in
1213 4949 1413 5018 Sandceensi
1428 4952 1561 5040 regione
1577 4956 1699 5038 (lete).

412 5036 417 5087 ἶ
467 5038 507 5121 (¹)
529 5035 619 5104 vius
631 5035 665 5101 in
679 5034 839 5123 psmchia
852 5032 1053 5115 Bodohensi,
1068 5033 1188 5103 ibidem
1205 5037 1364 5103 locorum.
