5409 6309
920 860 1330 958 ,-353·-

1081 1265 1318 1382 clxxix.
1417 1300 1423 1313 ·

683 1562 688 1571 ·
715 1523 1025 1661 liorocunii
1033 1521 1161 1611 -25
1178 1521 1327 1633 «lolii
1345 1516 1489 1647 139³
1506 1540 1672 1609 onoc.

397 1745 532 1821 Joonnrn
544 1741 583 1819 io
599 1744 916 1827 Pannoniorum
930 1742 1180 1818 sudomiriensis
1192 1740 1260 1817 8⁰⁰
1274 1760 1397 1818 nuorr
1410 1758 1584 1836 ponamin
1603 1742 1797 1836 nngrnrinn
1808 1745 1897 1821 nxorl
1909 1722 1984 1827 nnis

666 1847 847 1923 &tharim
860 1847 891 1921 ln
905 1846 987 1922 rldr
1000 1845 1192 1916 &awoso
1206 1848 1240 1920 ol
1255 1846 1499 1937 Srozeponoror'oo
1511 1845 1649 1919 loronhlt
1664 1849 1715 1928 (¹l·

464 2056 813 2144 Wladislaus'dei
834 2056 982 2169 gracia
1002 2054 1096 2140 Rex
1115 2052 1295 2153 Poloni'e
1324 2056 1613 2167 lithuaniequc
1633 2055 1836 2166 Princeps
1859 2056 2017 2170 Supre-

360 2205 455 2263 mus
476 2188 519 2262 et
538 2179 662 2262 heres
682 2176 836 2263 Russie
858 2186 939 2258 etc.
992 2172 1293 2286 Significamus
1328 2175 1534 2259 uniuersis
1556 2175 1719 2287 quibus·
1734 2177 1903 2285 expedit
1920 2208 2017 2290 pre·

360 2300 549 2382 sancium
584 2299 783 2383 noticiam
818 2295 1043 2397 habituris,
1080 2290 1207 2394 Quod
1243 2292 1300 2378 ad
1334 2303 1525 2380 nostram
1559 2297 1731 2378 veniens
1752 2300 2014 2405 presenciam

360 2412 566 2501 Strenuus
586 2418 704 2501 miles
727 2414 946 2501 dohannes
969 2412 1021 2496 de
1043 2414 1237 2496 Thornooo
1258 2414 1476 2499 Palatinus
1498 2421 1644 2499 noster
1665 2412 2016 2503 Sandomiriensis

357 2532 493 2619 fidelis
530 2536 710 2620 dilectus
730 2536 827 2621 Non
849 2531 1093 2644 compulsus
1130 2560 1272 2646 neque
1291 2562 1367 2645 per
1388 2561 1588 2636 errorem,
1620 2531 1706 2619 Sed
1727 2563 1779 2617 ex
1801 2545 1917 2621 certa
1938 2565 2017 2621 sua

355 2655 542 2738 sciencia
560 2655 780 2741 voluntate
802 2678 975 2765 quoque
997 2649 1135 2737 Validi
1155 2651 1399 2763 Spithconis
1427 2651 1736 2740 Subcamerarii
1755 2657 1888 2763 nostri
1909 2656 2022 2744 Cra-¹

355 2776 564 2858 couiensis
586 2783 629 2858 et
649 2799 860 2860 consensu
895 2799 1022 2883 super
1051 2772 1149 2857 hoc*
1165 2772 1403 2881 specialiter
1438 2754 1692 2879 accedente,
1730 2770 2013 2887 octingentas

354 2921 520 2977 marcas
542 2921 786 3006 grossorum
806 2891 1085 3004 Progensium
1106 2894 1264 2977 nummi
1285 2892 1539 2977 Polcnicnlis
1561 2892 1764 2976 consueti.
1817 2889 2012 2992 Quadra·

354 3012 482 3125 ginta
496 3020 593 3098 octo
614 3039 787 3125 messos
805 3011 850 3092 in
869 3037 1057 3094 mancam
1089 3009 1323 3118 quamlibet
1350 3011 1549 3095 videlicet
1569 3011 1877 3120 computande,
1898 3011 1949 3095 In
1970 3025 2014 3109 et

355 3158 482 3242 super
510 3130 632 3217 totali
661 3131 898 3214 hereditate
935 3124 1160 3212 Crzisoooo'cz
1182 3138 1224 3212 et
1242 3130 1287 3212 in
1305 3132 1427 3241 parte
1458 3128 1600 3213 media
1628 3129 1726 3214 ville
1750 3128 2011 3242 Sczepanorri·

355 3275 418 3334 cre
440 3247 494 3366 (²)
514 3252 558 3337 in
579 3247 715 3333 Terra
736 3258 881 3335 nostra
903 3240 1177 3334 Oracouiensi
1196 3251 1365 3333 situata:
1410 3248 1553 3335 Nobili
1571 3247 1804 3333 Kathenine
1825 3252 2012 3335 consorti

353 3396 429 3454 sue
451 3371 580 3476 dedit,
602 3369 781 3455 contulit
800 3381 844 3451 et
864 3395 1006 3455 coram
1026 3365 1150 3451 nobis
1178 3369 1258 3452 rite
1290 3379 1333 3453 et
1362 3368 1714 3457 racionabiliter...
1737 3369 1827 3455 veri
1845 3375 1891 3453 et
1909 3369 2011 3456 iusti

354 3488 790 3574 dotalicii'liberaliter
811 3487 1068 3601 assignarit,
1098 3485 1310 3574 Itatamen
1341 3489 1458 3600 quod
1478 3489 1515 3572 si
1533 3487 1744 3600 prefatum
1765 3485 2011 3577 iohannem

350 3604 592 3693 Palatinum
611 3609 813 3693 altissimo
834 3608 1102 3716 permittento
1119 3605 1174 3691 ab
1191 3609 1274 3693 hac
1287 3609 1381 3693 luce
1402 3609 1588 3721 migrare
1607 3608 1836 3723 contigerit
1857 3610 2008 3699 eadem

350 3724 570 3835 katharina
589 3729 818 3843 superstite
835 3732 1083 3810 remanente
1101 3733 1203 3809 tunc
1224 3731 1417 3839 predicta
1435 3726 1658 3813 katharina
1676 3728 1911 3839 predictam
1931 3730 2010 3815 vil·

350 3847 434 3932 lam
455 3877 552 3931 cum
572 3848 731 3953 media,
761 3846 930 3958 Plenam
951 3843 1129 3931 habebit
1148 3857 1193 3930 et
1210 3847 1437 3958 pacificam
1455 3855 1714 3957 potestatem
1734 3845 2008 3943 habendite·

351 3968 479 4050 nendi
497 3966 725 4051 vtifruendi
744 3977 788 4048 et
806 3965 1054 4077 possidendi
1071 3967 1235 4050 tamdiu
1253 3966 1454 4052 videlicet
1473 3993 1698 4081 quousque
1713 3967 1756 4049 in
1772 3968 1895 4053 thoro
1910 3992 2008 4077 per·

350 4084 551 4170 manserit
569 4086 737 4188 viduali,
755 4084 865 4171 Oum
880 4094 1020 4169 autem
1038 4086 1093 4170 ad
1108 4087 1319 4171 secundas
1339 4087 1520 4199 nupcias
1541 4086 1831 4175 conuolauerit
1850 4096 2011 4173 extunc

350 4204 496 4290 solutis
514 4192 715 4317 predictis
736 4199 1007 4316 Octingentis
1027 4205 1180 4291 marcis
1202 4234 1447 4315 grossorum
1467 4214 1511 4287 et
1531 4206 1816 4317 polonicorum
1844 4233 2004 4292 memo·

347 4334 440 4409 rate
459 4322 679 4409 katherine
699 4352 776 4436 per
794 4324 1067 4438 proximiores
1097 4324 1329 4432 supradicti
1359 4323 1572 4410 Johamnis
1600 4325 1781 4411 Palatini
1811 4325 2019 4436 predicta-

348 4444 452 4530 villa
489 4440 704 4529 Crzooor'or
740 4454 783 4529 et
816 4470 917 4554 pars
950 4442 1092 4528 media
1126 4440 1224 4526 ville
1246 4441 1583 4555 'Srozepcaoroiore
1616 4444 1676 4529 ad
1712 4445 1901 4565 ciusdem
1922 4440 2001 4531 Jo-

453 4662 493 4764 (1)
515 4677 740 4769 apographon
755 4701 796 4744 ex
812 4675 996 4765 archetypo
1010 4674 1221 4763 descriptum.
1250 4676 1303 4744 De
1319 4677 1452 4746 Jonuno
1462 4676 1610 4765 palatino
1623 4686 1658 4746 ot
1670 4644 1749 4745 nilla
1763 4678 1832 4747 cius
1847 4678 2002 4769 Knpozo·

346 4771 430 4847 wico,
444 4766 531 4835 cont
546 4764 675 4833 tabulas
690 4764 840 4851 superius
854 4761 945 4863 typis
961 4772 1119 4862 exaratas.
1326 4846 1336 4862 .

451 4852 490 4935 (²)
506 4846 766 4952 ‘Smeponomfoos
781 4848 863 4916 duno
879 4846 976 4914 nnllae
993 4859 1068 4915 sunt
1085 4845 1232 4933 ejusdem
1245 4846 1388 4915 nomnnis
1402 4847 1437 4914 in
1453 4844 1669 4916 Craoorionsi
1682 4848 1856 4936 provincia
1869 4858 1903 4916 ot
1917 4849 1999 4916 Mie-

346 4935 516 5006 choniensn
529 4946 706 5014 territorio,
722 4955 858 5020 quarum
876 4934 977 5003 altero
996 4933 1037 5001 ad
1052 4930 1273 5024 parochialem
1288 4934 1463 5003 ecclesiam
1479 4936 1513 5002 in
1525 4932 1734 5014 Νἰοᾱὶιοίοάέ,
1747 4933 1902 5001 alteraad
1916 4935 2000 5002 Mie-

346 5021 563 5092 chonrienoem
577 5031 715 5110 spectat.

449 5125 530 5168 Tm·
541 5125 582 5167 11¹·
1750 5123 1791 5188 45
