5409 6309
1037 747 1341 854 κέη-

381 985 545 1097 conttrlj
566 1012 644 1096 pro
664 984 751 1067 iam
771 983 886 1067 dicto
917 931 1065 1068 lairore
1099 927 1227 1065 castri
1257 978 1353 1064 mei.
1397 975 1567 1060 Smolice
1589 977 1655 1091 (θ)
1688 979 1785 1065 cum
1805 985 2048 1077 hominibus
2139 1067 2141 1070 .

387 1116 432 1186 et
453 1108 568 1188 omni
580 1104 677 1212 'jure
699 1101 817 1212 quod
838 1099 895 1182 ad
913 1127 983 1182 me
1004 1099 1260 1208 pertinebat
1297 1107 1339 1180 et
1358 1093 1514 1207 Zcqore
1537 1094 1592 1207 (²)
1613 1097 1689 1179 ubi
1708 1103 1825 1204 prius
1846 1106 1958 1187 sedit
1972 1109 2051 1195 ho-

383 1219 457 1306 mo
476 1240 599 1304 meus
620 1220 789 1304 nomine
810 1217 946 1328 Vikel.
967 1217 1048 1308 sub
1073 1219 1225 1302 eodem
1245 1227 1394 1300 tenore
1416 1241 1514 1294 eum
1534 1214 1777 1299 hominibus
1811 1224 1982 1332 contulj.
2008 1237 2052 1309 et

383 1337 680 1421 maneronta
713 1334 777 1448 (⁸)
809 1364 908 1422 cum
933 1335 1174 1419 hominibus
1206 1344 1250 1416 et
1285 1332 1399 1417 omni
1422 1332 1517 1413 'iure
1547 1359 1703 1416 eorum.
1745 1335 1967 1444 Roscoar'ce
1994 1344 2049 1455 (⁸)
2177 1354 2182 1365 '

383 1484 482 1537 cum
503 1453 744 1550 horninibus
766 1460 810 1534 et
830 1454 945 1536 omni
966 1453 1054 1535 iure
1077 1480 1234 1538 eorum.
1261 1460 1303 1534 et
1323 1452 1401 1532 has
1422 1449 1635 1557 predictas
1656 1449 1776 1532 uillas
1799 1462 1841 1534 et
1855 1455 2049 1543 homines

386 1599 531 1656 eorum
562 1573 637 1681 qui
659 1599 733 1656 eas
752 1561 1085 1652 inhabitauerint
1101 1571 1227 1680 pleno
1247 1572 1338 1652 iure
1362 1578 1405 1649 et
1425 1569 1540 1649 omni
1558 1566 1756 1649 libertate
1776 1570 1887 1653 sicut
1920 1577 2049 1682 priui-
2107 1573 2109 1578 ’

380 1688 542 1798 legium
577 1687 711 1770 habet
745 1687 1035 1770 Saarrncr‘enaia
1071 1686 1249 1798 ecclesie
1271 1683 1346 1799 (¹⁰)
1378 1686 1463 1768 tale
1493 1685 1558 1765 ius
1591 1694 1635 1767 et
1653 1685 1784 1769 talem
1812 1687 2050 1780 libertatem

283 1891 286 1896 ,
322 1825 330 1834 “
384 1794 576 1890 concedo
598 1807 770 1890 habere.
795 1815 838 1889 et
858 1833 942 1915 que
963 1806 1056 1887 iura
1075 1833 1194 1890 more
1223 1805 1423 1914 polonico
1454 1803 1556 1896 mihi
1584 1805 1861 1912 pertinebant
1888 1808 1957 1889 uel
1977 1838 2050 1892 ca-

382 1921 569 2005 stallanis
591 1926 695 2006 meis
717 1923 772 2005 ab
796 1921 992 2008 omnibus
1024 1923 1102 2011 hiis
1133 1923 1203 2017 uel
1234 1949 1508 2035 quecumque
1537 1930 1639 2028 post
1667 1949 1746 2006 nos
1778 1923 1922 2035 aliqua
1952 1954 2050 2034 uer·

174 2019 180 2026 ¹
274 2103 278 2108 .
381 2039 502 2120 sucia
521 2039 620 2151 (sic)
641 2051 822 2150 possunt
841 2040 933 2121 fieri
953 2040 1039 2122 sint
1056 2041 1249 2154 predicte
1277 2040 1375 2122 uilla
1405 2068 1481 2148 per
1511 2067 1579 2119 me
1599 2038 1730 2122 libere
1762 2050 1806 2121 et
1838 2041 2047 2129 absolute.
2079 2103 2088 2125 ι

381 2158 460 2238 sed
488 2156 645 2242 Oomiti
667 2158 876 2241 Clementi
894 2159 984 2239 iure
1005 2159 1259 2242 hereditario
1292 2158 1377 2238 hec
1406 2157 1549 2241 omnia
1580 2157 1748 2239 cedant
1775 2158 1974 2269 ⁴Insuper
2006 2175 2050 2247 et

381 2283 571 2358 castores
589 2269 636 2357 in
657 2272 764 2358 visla
784 2276 840 2359 ab
861 2302 946 2359 uno
966 2277 1089 2361 litore
1110 2277 1301 2361 eiusdem
1321 2273 1506 2359 fluminis
1528 2272 1583 2355 ab
1605 2275 1675 2358 illo
1695 2275 1792 2359 loco
1812 2277 1888 2359 ubi
1918 2279 2049 2363 intrat

327 2449 335 2456 -
380 2390 579 2475 fluuiolus
601 2392 757 2475 stechel
777 2392 860 2506 (¹¹)
881 2393 926 2473 in
946 2395 1096 2476 uislam
1129 2405 1172 2477 et
1201 2393 1358 2475 abhinc
1393 2419 1532 2503 usque
1567 2393 1612 2473 in
1646 2394 1761 2475 illum
1795 2393 1938 2478 locum
1972 2399 2048 2483 ubi

243 2569 246 2574 »
379 2507 511 2592 intrat
539 2510 750 2594 fluuiolus.
767 2508 923 2593 adeona
943 2508 1028 2632 (¹²)
1050 2515 1093 2594 in
1112 2513 1274 2595 rislam.
1308 2520 1352 2592 et
1383 2509 1536 2593 deinde
1564 2510 1639 2594 ubi
1669 2512 1799 2594 intrat
1828 2534 1952 2620 scona
1972 2514 2047 2626 (¹³)
2127 2587 2132 2594 .

378 2622 532 2707 fluuius
552 2628 596 2707 in
617 2629 768 2709 uislam
787 2638 833 2710 et
852 2655 990 2738 usque
1011 2632 1052 2710 in
1073 2631 1293 2741 nauigium
1313 2656 1520 2739 magnum
1542 2625 1682 2711 ambo
1711 2639 1864 2711 tenens
1893 2632 1938 2710 in
1968 2657 2047 2718 suo

378 2740 469 2823 iure
488 2741 624 2829 litora.
672 2746 724 2828 In
746 2743 915 2828 Ocleaoc
937 2757 1080 2830 autem
1101 2752 1137 2832 si
1158 2746 1512 2861 quandofuerint
1531 2756 1733 2850 castores,
1767 2747 1926 2831 Comiti
1948 2747 2046 2832 Ole-

378 2862 512 2942 menti
532 2863 701 2944 cedant.
725 2873 768 2944 et
787 2863 974 2946 similiter
1009 2867 1052 2946 in
1087 2863 1252 2948 Chachel
1282 2865 1471 2948 eiusdem
1504 2872 1637 2946 erunt.
1668 2866 1883 2974 usquein
1902 2867 2048 2946 termi-

378 3002 457 3060 nos
490 2977 669 3062 Comitis
704 2979 982 3088 Chothemirj.
1015 2986 1090 3092 qui
1120 2981 1296 3063 ueniunt
1334 2983 1379 3061 in
1425 2978 1625 3061 Coroneae.
1671 2978 1843 3063 Contuli
1873 2982 2047 3088 insuper

238 3105 247 3111 “
336 3149 339 3160 ·
362 3093 481 3188 ,alias
501 3096 621 3178 villas
643 3096 862 3179 hominum
883 3124 1073 3179 meorum
1095 3099 1171 3209 qui
1190 3099 1339 3206 lingua
1358 3096 1559 3205 polonica
1572 3096 1819 3179 narochnici
1836 3097 2044 3178 dicuntur.

369 3207 493 3291 'circa
515 3211 768 3296 Craeouiam
788 3205 1114 3324 respicientibus
1136 3215 1191 3295 ad
1211 3215 1363 3323 viginti
1375 3223 1516 3297 aratra
1535 3240 1697 3323 magna
1716 3215 1770 3294 de
1789 3213 1906 3297 bona
1920 3221 2044 3295 terra.

376 3326 420 3408 in
449 3326 617 3437 posituro
660 3328 748 3440 (¹⁴).
802 3331 846 3411 in
882 3329 1049 3412 lanata·
1079 3331 1166 3445 (Η).
1198 3333 1257 3436 ,in
1292 3331 1487 3440 mccccicj
1518 3329 1606 3443 (¹⁶).
1653 3332 1699 3413 in
1734 3329 1911 3442 Karyas
1954 3327 2043 3442 (Π).
2084 3321 2087 3336 '

375 3442 420 3525 in
462 3442 750 3531 Goscr'rodr‘cln'.
785 3445 872 3563 (¹⁸).
915 3448 958 3532 in
989 3444 1166 3533 Caracca·
1197 3445 1285 3563 (¹⁰).
1333 3449 1376 3531 in
1416 3448 1633 3530 Racimici‘
1656 3444 1745 3574 (Ν).
1784 3449 1827 3529 in
1850 3446 2046 3556 pridraa·

381 3615 387 3624 ’
483 3629 528 3709 (⁶)
549 3627 683 3695 Smolicc
700 3629 778 3694 villa
790 3629 833 3694 ad
847 3629 1010 3696 Vistulam
1024 3631 1135 3696 vicina
1148 3632 1352 3698 Zatorieusis
1365 3632 1458 3696 urbis
1476 3640 1510 3697 et
1523 3626 1666 3695 fluminis
1681 3628 1773 3714 quod¹
1786 3627 1906 3693 dicitur
1918 3627 2047 3696 Skawa.
2166 3683 2170 3692 Α

484 3712 529 3792 (⁷)
552 3714 689 3800 Zaqorze
703 3712 914 3781 Bononiensis
930 3715 1090 3802 regionis,
1105 3716 1285 3806 parochiae
1300 3738 1382 3781 vero
1397 3715 1493 3781 villae
1506 3713 1622 3781 Niwki.
1751 3715 1753 3720 ⁴
1962 3791 1965 3796 Α

479 3797 524 3875 (⁸)
544 3797 636 3862 Haec
648 3797 726 3861 villa
738 3799 795 3864 ubi
809 3799 959 3863 locorum
977 3800 1037 3863 sit?
1059 3803 1235 3868 nescimus.
1417 3837 1422 3846 1
1711 3873 1718 3884 ,
1853 3801 1859 3812 ’
1920 3873 1923 3878 ⁴
2022 3805 2028 3818 '

480 3880 524 3959 (⁹)
544 3881 722 3947 Roskowirc
739 3881 820 3945 villa'
836 3882 975 3949 ducatus
991 3882 1185 3968 Opoliensis
1200 3885 1300 3952 hodie
1313 3882 1476 3967 Rosdorf,
1498 3880 1559 3948 sed
1580 3881 1621 3947 de
1636 3881 1701 3946 alia
1721 3875 1794 3946 hoc'
1806 3880 1885 3946 loco
1907 3880 2042 3959 mentio,

379 3978 474 4043 quae,
496 3964 623 4046 ubisit,
640 3965 750 4030 dicere
766 3989 834 4030 non
848 3983 1051 4050 possumus·
1897 3970 1901 3974 ’

478 4048 536 4128 (¹⁰)
557 4049 716 4113 Fortasse
732 4048 929 4134 Skwirzyna
941 4049 1043 4113 hodie
1060 4047 1218 4133 Szweryn
1233 4049 1267 4114 in
1282 4051 1372 4137 Mag.
1386 4052 1471 4115 Duc.
1487 4048 1718 4114 Posnaniensi.

480 4131 538 4213 (¹¹)
561 4133 695 4198 Chastia
709 4132 833 4199 rivulus
854 4133 888 4196 in
904 4134 1012 4198 veteri
1034 4133 1269 4200 cracoviensis
1304 4133 1518 4218 Reipublicae
1540 4131 1722 4217 territorio,
1742 4131 1905 4199 Vistulam
1923 4129 2043 4197 influit.
2139 4157 2141 4162 ·

387 4291 390 4294 ¹
477 4214 534 4295 (Π)
558 4215 691 4282 Oklrana
706 4219 804 4281 etiam
818 4217 853 4281 in
867 4215 1084 4284 Cracovienai
1097 4217 1277 4306 territorio,
1295 4216 1459 4304 Vistulam
1469 4214 1585 4282 influit.
1697 4282 1702 4290 ,

479 4299 537 4379 (¹³)
559 4298 672 4365 Skawo
685 4299 807 4366 fluvius
822 4302 857 4372 in
871 4301 989 4388 Regno
1006 4300 1178 4368 Galliciae.

342 4387 347 4394 “
478 4381 537 4460 (¹⁴)
559 4382 699 4450 Posilow
719 4384 797 4450 villa
812 4383 1099 4452 Szkalbmiriensis
1114 4384 1274 4470 regionis,
1289 4385 1468 4471 parochiae
1490 4384 1768 4454 Koscielecensis.

479 4465 538 4546 (¹⁵)
559 4469 718 4534 Fortasse
733 4470 908 4534 Luazowiee
921 4468 1000 4531 villa
1013 4468 1048 4539 in
1064 4467 1199 4549 antiqua
1214 4468 1428 4536 Cracoviensi
1447 4469 1626 4554 republica.
1639 4533 1642 4536 ,

475 4550 538 4628 1¹⁶)
560 4553 714 4617 Metanira
731 4553 1007 4618 Proszoviccnsis
1025 4551 1174 4650 regionis
1191 4560 1225 4616 et
1239 4553 1428 4648 prochiae.
1534 4543 1539 4556 ’
1801 4615 1806 4622 .

477 4632 535 4715 (¹⁷)
550 4635 947 4719 Fortasseviliaejusdem
955 4635 1097 4701 nominis
1104 4635 1263 4701 territorri
1272 4636 1515 4721 Stobnicensis‚
1523 4639 1672 4726 regionis
1680 4660 1761 4717 vero
1771 4635 2043 4720 Szydiowicnsis.

377 4747 381 4754 ⁴
452 4719 537 4798 .(¹⁸)
558 4717 633 4784 Non
648 4719 841 4785 invenimus.
1526 4735 1532 4743 '
1579 4741 1584 4751 ·

478 4803 536 4881 (¹⁹)
558 4802 633 4870 Non
648 4802 843 4868 invenimus.
969 4800 983 4819 '

477 4886 536 4969 (²⁰)
556 4887 739 4954 Rcdzimice
754 4886 831 4952 villa
850 4886 1050 4972 parochialis
1065 4889 1343 4956 Prosaevicensis
1359 4889 1519 4977 regionis.
1642 4889 1648 4904 '
