5409 6309
1054 1241 1302 1359 ccxxvii.

525 1496 885 1584 habim-dic
914 1501 1111 1583 menois
1127 1496 1196 1586 1³
1211 1495 1486 1582 domuerat·
1501 1494 1650 1582 1484
1667 1513 1831 1582 anno.

359 1716 633 1792 casimirus
654 1716 1002 1808 melleniaco
1023 1737 1088 1808 ren
1105 1718 1145 1792 nl
1164 1734 1270 1809 precer
1291 1715 1673 1808 rasomonorum
1694 1718 1802 1790 lusti
1823 1717 1860 1792 le
1881 1720 1999 1801 Debeo,

357 1823 611 1896 honustum
631 1822 770 1895 dnonas
790 1822 869 1913 apri
890 1822 1030 1913 oppidum
1051 1826 1155 1911 Birra,
1187 1815 1337 1891 rovorco
1367 1818 1505 1890 Biererri
1522 1817 1614 1890 nobili
1641 1818 1764 1891 lucus
1785 1820 1999 1911 szczeprmw·

680 1926 743 2050 orio
759 1925 884 2017 ejusque
899 1926 1131 2014 successoribu
1155 1923 1248 1997 certis
1269 1920 1493 2034 conditionibus
1513 1918 1608 1993 rorat
1622 1923 1677 2005 (¹)
2025 1951 2027 1958 r

451 2132 515 2218 ¹In
534 2135 699 2217 nomine
720 2134 900 2218 Domini.
924 2132 1069 2217 Amen.
1113 2132 1198 2216 Res
1230 2140 1408 2242 pereunt
1437 2128 1635 2212 universe
1662 2139 1707 2211 et
1734 2155 1867 2214 errore
1900 2159 2002 2216 con·

361 2253 605 2357 tabescunt,
651 2283 827 2366 quarum
856 2278 941 2336 non
971 2267 1069 2336 sunt
1099 2250 1292 2333 acciones
1330 2249 1543 2330 literarum
1581 2247 1839 2358 perhennate
1871 2252 2000 2361 apici-

360 2368 441 2453 bu's
474 2383 515 2454 et
535 2374 704 2455 testium
735 2371 928 2458 custodia
959 2372 1164 2454 dedicate.
1216 2367 1285 2451 Ad
1318 2376 1568 2478 perpetuam
1597 2365 1726 2478 igitur
1755 2368 1998 2454 memoriam

361 2490 450 2573 Nos
479 2489 716 2573 Kazimirus
748 2492 817 2573 dei
847 2492 991 2602 gracia
1012 2491 1105 2574 Rex
1124 2488 1310 2590 Polonie‚
1341 2512 1504 2571 necnon
1528 2485 1745 2591 (tresovio,
1778 2485 1999 2573 Sandom'i·
2029 2567 2032 2572 ,

360 2609 431 2709 rie,
464 2607 637 2712 Suedio,
674 2610 885 2715 Lancicie,
924 2610 1127 2718 Cuyavia
1168 2607 1350 2719 Magnus
1384 2607 1467 2690 dux
1496 2603 1711 2712 Litvvanie²
1749 2606 1998 2714 dulmensis,
2067 2605 2071 2614 ’

361 2725 695 2814 Michaloviensis
726 2740 769 2811 et
796 2730 1053 2832 Pomeranie‚
1085 2727 1234 2812 Russie
1266 2726 1522 2833 Prussieque
1554 2723 1779 2809 Terrarum
1808 2721 1928 2812 heres
1961 2740 2003 2811 et

363 2846 567 2930 dominus.
620 2843 918 2958 significamus
957 2849 1160 2932 universis
1200 2843 1354 2954 quibus
1395 2842 1563 2952 expedit
1601 2847 1866 2953 presencium
1896 2847 2004 2931 noti·-
2116 2875 2120 2882 ·

364 2966 473 3047 ciam
504 2966 723 3070 habituris,
752 2964 1021 3076 presentibus
1062 2973 1104 3045 et
1142 2962 1311 3066 futuris,
1349 2958 1570 3061 Quomodo
1602 2961 1657 3043 ad
1687 2965 2004 3049 intercessiones

362 3080 580 3194 Magnifici
611 3081 766 3167 Jacobi
806 3085 857 3166 de
887 3083 1069 3166 Dombno
1108 3081 1338 3168 Castellani
1370 3089 1414 3164 et
1443 3078 1667 3188 Capitonei
1709 3081 2000 3166 Oracoviensis

284 3229 294 3256 ‘
362 3200 484 3287 nobis
506 3194 669 3284 sincere
689 3202 839 3306 dilecti,
860 3202 999 3287 Nobili
1019 3202 1196 3287 Nicolao
1231 3197 1537 3312 Sozopoaoroslcp
1575 3199 1779 3286 advocato
1808 3203 1851 3284 iu
1873 3201 2003 3312 Byeoz

366 3329 407 3402 et
437 3322 522 3403 suis
551 3320 765 3430 legittimis
798 3319 1122 3407 Successoribus
1155 3331 1267 3405 ortos
1299 3321 1389 3404 sive
1419 3316 1553 3402 Areas
1577 3321 1764 3403 desertas
1786 3320 1864 3403 sub
1887 3348 2004 3405 mon-

363 3450 405 3522 te
450 3438 590 3522 Oastri
630 3438 762 3549 Byecz
794 3453 836 3524 et
865 3440 1052 3524 Ecclesia
1084 3442 1221 3524 sancti
1251 3439 1367 3522 Petri
1397 3449 1494 3521 ante
1527 3436 1752 3524 Civitatem
1787 3438 2004 3549 Byeczen·

252 3555 255 3562 ’
365 3587 454 3642 sem
485 3559 604 3641 iuxta
631 3559 815 3665 piscinas
846 3570 1009 3643 nostras
1040 3586 1260 3671 penesque
1297 3559 1411 3640 viam
1444 3583 1528 3666 que
1564 3557 1619 3643 de
1654 3558 1786 3671 Bpecz
1817 3560 1933 3641 ducit
1960 3562 2004 3644 in

364 3677 507 3762 villam
540 3675 760 3759 Strzcsclu'o
789 3679 1080 3789 protendendo
1111 3705 1257 3762 versus
1286 3677 1461 3759 fluvium
1481 3676 1626 3790 Roppo
1652 3679 1880 3789 vulgariter
1901 3708 2006 3762 nun·

365 3806 567 3906 cupatum
589 3796 818 3882 donacione
849 3808 1053 3908 perpetua
1085 3805 1128 3879 et
1157 3795 1420 3879 irrevocabili
1446 3795 1638 3881 dedimus
1670 3807 1713 3880 et
1742 3798 1997 3883 contulimus

365 3914 599 4023 damusque
621 3923 664 3998 et
683 3915 952 4000 conferrimus
972 3925 1117 4000 tenore
1136 3914 1398 4027 presencium
1415 3916 1637 4023 mediante,
1666 3916 1747 4001 Par
1765 3918 1903 4025 ipsum
1922 3916 2008 4001 lli-²

366 4033 530 4118 eolaum
555 4031 854 4145 Scarponowslcy
892 4046 934 4121 et
969 4061 1067 4120 suos
1089 4035 1317 4147 legittimos
1340 4032 1616 4119 Successores
1648 4036 1888 4137 tenendum,
1911 4063 2007 4145 pos·

366 4151 597 4254 sidendum,
636 4151 930 4259 utifruendum‚
968 4155 1247 4255 vendendum,
1286 4156 1629 4244 commutandum
1660 4164 1704 4239 et
1732 4152 1878 4236 usibus
1920 4157 2005 4241 suis

369 4270 685 4380 applicandum,
718 4274 769 4355 de
808 4275 960 4382 quibus
994 4273 1164 4383 quidem
1195 4271 1301 4355 areis
1333 4283 1378 4355 et
1407 4277 1506 4358 ortis
1535 4279 1626 4385 ipse
1656 4274 1855 4358 Nicolaus
1889 4271 2005 4355 Scre-

365 4386 573 4503 pouowslry
611 4398 653 4471 et
680 4393 744 4472 sui
763 4392 958 4503 legittimi
993 4391 1270 4477 Successores
1291 4392 1425 4476 Nobis
1448 4408 1490 4476 et
1509 4395 1659 4480 nostris
1683 4391 2005 4478 successoribus

368 4536 499 4591 unum
519 4507 721 4591 fertonem
742 4521 907 4596 monete
929 4521 971 4593 et
990 4514 1150 4593 numeri
1172 4509 1328 4593 usualis
1351 4511 1489 4623 Regni
1508 4515 1638 4598 nostri
1660 4509 1820 4596 solvere
1842 4511 2006 4595 tenebi-

369 4636 436 4710 tur
468 4636 509 4709 et
538 4626 805 4713 tenebuntur.
865 4628 1029 4713 Harum
1061 4628 1256 4740 Sigillum
1294 4638 1480 4713 nostrum
1519 4644 1584 4716 est
1614 4660 1848 4744 appensum
1887 4633 2006 4715 testi·

467 4862 509 4945 (¹)
531 4859 693 4948 Josephus
707 4860 907 4949 Lepkowski
922 4859 1005 4927 hano
1031 4859 1174 4929 tabulam
1187 4861 1221 4928 in
1235 4859 1367 4928 archivo
1393 4862 1482 4931 urbis
1506 4864 1598 4933 Biecz
1618 4866 1742 4933 invenit
1766 4864 1917 4951 illamque
1947 4888 2005 4931 no·

370 4947 496 5016 biseum
514 4947 774 5015 communicavit.
806 4997 810 5014 .
