5409 6309
1378 725 1629 861 ..u-.-

664 1003 836 1087 modum
846 999 1136 1107 impertiantur
1152 990 1354 1073 auxilium
1365 999 1408 1071 et
1416 989 1629 1074 iuuamen.
1644 995 1687 1068 et
1697 1012 1774 1072 nos
1787 986 2007 1070 versauice
2021 987 2119 1098 (sic)
2132 994 2332 1100 predictis
2362 995 2366 1000 ’

568 1180 578 1204 .
664 1119 887 1205 Nobilibus
908 1099 1193 1222 prestabimus
1216 1108 1416 1190 auxilium
1437 1114 1481 1185 et
1499 1101 1713 1206 iuuamen,
1734 1113 1884 1188 contra
1904 1131 2013 1215 quos
2049 1133 2173 1190 suum
2194 1113 2332 1198 nobis

554 1279 561 1296 1
664 1240 865 1320 iuuamen
883 1230 1156 1340 prostiterint,
1188 1252 1415 1342 quousque
1434 1222 1545 1305 male
1564 1231 1732 1308 retenta
1753 1224 1822 1305 vel
1843 1221 2050 1344 violenter
2085 1225 2230 1310 ablate
2264 1258 2331 1313 re-

665 1352 877 1437 stituerint
897 1348 967 1431 vel
987 1344 1202 1428 amicabili
1223 1339 1528 1451 compositione
1568 1367 1653 1425 non
1684 1335 1981 1422 satisfecerint.
2018 1365 2099 1423 nec
2135 1372 2233 1427 cum
2267 1347 2332 1430 iu-

665 1466 897 1556 uasoribus
912 1464 1054 1575 aliquo
1075 1461 1203 1548 modo
1224 1457 1582 1546 concordabimus
1593 1457 1910 1565 nisipremissu
1930 1458 2072 1544 omnia
2088 1464 2333 1574 complosu-

664 1599 743 1669 tur.
782 1584 1002 1666 Adicimus
1025 1580 1155 1671 etiam
1177 1578 1293 1691 quod
1315 1580 1351 1658 si
1370 1575 1572 1687 predictis
1606 1572 1834 1660 Nobilibus
1866 1575 2008 1688 aliqua
2040 1573 2236 1690 Gwlerra
2255 1583 2335 1672 im-
2370 1605 2373 1614 ’

664 1699 873 1806 minuerit,
898 1699 954 1811 et]
988 1699 1023 1780 si
1046 1701 1098 1780 de
1120 1698 1275 1780 nostris
1308 1691 1549 1779 hominibus
1587 1692 1719 1804 aliqui
1745 1693 1801 1777 ad
1822 1722 1894 1778 eos
1919 1694 2223 1780 declinauerint
2256 1728 2334 1807 pro

590 1908 594 1918 ,
666 1820 829 1905 salario
851 1817 1105 1928 obsequium
1126 1814 1365 1924 prestatmi²
1386 1815 1501 1920 ipsos
1523 1838 1608 1895 non
1628 1810 1928 1923 impedieme
1941 1812 2020 1893 sed
2040 1814 2097 1895 ad
2116 1841 2193 1899 nos
2220 1816 2333 1902 redi·

664 1966 710 2021 re
733 1927 836 2047 [non
859 1932 1177 2043 defendeamus]
1201 1927 1613 2043 quousque'gwerra
1632 1933 1774 2039 sopita
1802 1927 1928 2014 fuerit
1960 1930 2176 2035 inchoata,
2213 1944 2257 2016 et
2275 1936 2332 2020 ab

541 2041 580 2114 ,'
667 2055 782 2138 omni
816 2053 1078 2161 impetitione
1116 2078 1201 2160 que
1238 2056 1388 2146 contra
1416 2048 1533 2157 ipsos
1568 2051 1731 2132 moueri
1751 2056 1900 2160 posset
1936 2050 2103 2132 ratione
2142 2051 2336 2159 predicte

667 2170 838 2276 Gworre
858 2170 1016 2256 fuerint
1035 2165 1172 2279 [liberi
1193 2177 1237 2249 et
1258 2168 1456 2274 exempti.
1489 2163 1781 2279 Qui]cumque
1815 2175 1956 2270 autem
1991 2165 2183 2275 predicte
2220 2195 2336 2252 com·

489 2280 496 2304 ⁸
561 2338 569 2348 «
633 2289 874 2398 ,ραοὲὶοηὶε
911 2312 988 2378 seu
1025 2285 1343 2393 compositionis
1379 2285 1560 2368 violator
1598 2285 1792 2386 extiterit,
1836 2285 1951 2369 omni
1984 2286 2075 2367 iure
2110 2298 2335 2395 prenotato
2394 2326 2402 2334 ·

664 2409 865 2516 priustur.
898 2405 980 2489 Pro
1001 2397 1082 2486 hiis
1105 2412 1249 2514 autem
1271 2399 1484 2511 [omnibus
1506 2413 1551 2486 et
1570 2402 1766 2513 sin]gulis
1802 2402 2086 2488 obstruendis
2123 2406 2336 2516 imperpe-
2358 2515 2361 2520 ,

664 2531 787 2606 tuum
805 2548 982 2631 presens
1003 2522 1209 2628 scriptum
1230 2519 1378 2631 Sigillo
1400 2521 1656 2606 venerabilis
1687 2520 1827 2604 Panis
1859 2523 1991 2606 no'stri
2025 2518 2197 2605 Andree
2219 2524 2335 2632 -Epi-

517 2685 519 2692 κ
666 2641 787 2760 scopi
807 2639 1022 2723 Plooensis
1043 2639 1235 2737 Ecclesia
1258 2647 1301 2721 et
1320 2648 1463 2724 nostro
1485 2655 1531 2723 et
1551 2637 1908 2750 [supradictorum
1928 2638 2191 2749 Prin]cipum
2228 2640 2333 2726 faci-

664 2784 759 2842 mus
782 2758 1041 2842 communiri.
1072 2756 1233 2840 Datum
1252 2757 1296 2839 in
1315 2756 1536 2844 Rathzens
1553 2753 1609 2870 (⁹)
1630 2756 1756 2840 Anno
1792 2758 1944 2869 gratie.
1975 2758 2205 2842 Millesimo.
2238 2759 2331 2842 Du·

623 2961 629 2980 ,
666 2875 914 2960 centesimo.
949 2872 1319 2988 Quinquagesimo
1342 2885 1511 2986 quarto.
1546 2874 1728 2977 Octau0,
1747 2876 2022 2998 Kalendas...

769 3089 809 3172 (i)
828 3089 956 3171 Bresioi,
980 3089 1154 3175 oppidums
1167 3089 1244 3155 olim
1258 3088 1428 3155 castellani
1444 3087 1554 3170 sedes,
1566 3088 1605 3170 ¹iu
1620 3090 1756 3174 antiquo
1771 3088 1951 3175 palatinatu
1973 3090 2135 3178 plocensi,
2165 3057 2268 3159 hodic
2298 3095 2332 3160 in

641 3213 642 3216 ¹
667 3177 807 3262 regione
823 3173 988 3240 Mlavensi
1003 3174 1111 3239 situm.
1138 3180 1140 3184 '
1190 3269 1193 3279 Ι
1591 3217 1596 3224 .
1953 3175 1960 3198 ‘
2248 3199 2252 3205 -

1317 3503 1324 3510 ·
1430 3458 1590 3574 Xlllll.
1662 3585 1666 3590 ,

1155 3678 1676 3814 draccum-anno
1701 3682 1858 3770 1255.

668 3859 1549 4026 suumn-¹¹¹·
1563 3863 2154 4043 eluctemur
2166 3863 2334 3962 rre-

768 4123 819 4207 In
840 4115 1009 4208 nomine
1030 4123 1202 4209 Domini
1222 4127 1374 4209 Amen.
1424 4122 1637 4224 Quoniam
1673 4135 1843 4235 tempus
1881 4126 2082 4237 imprimit
2118 4129 2349 4240 quandam·
2456 4129 2457 4132 ‘

662 4240 936 4338 infectionem
956 4239 1087 4324 rebus
1110 4243 1390 4352 calumpniae,
1414 4272 1636 4354 equares
1659 4255 1998 4352 corrumpuntur3
2036 4274 2091 4328 ne
2121 4246 2177 4349 id,
2215 4249 2333 4358 quod

664 4362 825 4470 geritur
838 4353 889 4441 in
908 4370 1112 4469 tempore,
1147 4390 1224 4473 per
1257 4363 1572 4469 corruptionem
1605 4364 1808 4471 temporis
1832 4363 1887 4447 ab
1908 4363 2097 4446 humana
2131 4367 2373 4468 momoria*

665 4476 867 4581 elabatur,
889 4490 1006 4570 etue
1026 4483 1164 4587 possit
1183 4481 1379 4589 scrupulo
1409 4481 1663 4590 praepediri,
1698 4479 1833 4586 ullius,
1865 4469 2022 4567 assolet
2055 4481 2227 4592 scripto,
2265 4495 2332 4565 te*

663 4596 791 4677 stum
812 4605 855 4676 et
875 4597 1048 4704 apicum
1068 4599 1311 4719 testimonio
1331 4599 1605 4706 perhennari.
1625 4597 1901 4713 Quamquam
1922 4610 1967 4685 et
1986 4598 2165 4683 cuilibet
2182 4627 2335 4700 secun·
2441 4637 2448 4645 ’

766 4810 809 4890 (¹)
830 4807 1062 4895 Apographon
1078 4831 1101 4876 a·
1113 4771 1253 4879 doctiss.
1276 4812 1430 4899 Josepho
1462 4814 1687 4898 Lepkowscio
1705 4765 1909 4902 descriptum
1924 4835 1965 4882 ex
1980 4813 2175 4903 archetypo,
2195 4813 2286 4900 quod
2300 4816 2343 4883 ins

661 4892 864 4959 monasterio
881 4892 1146 4981 Szczyraycensi
1160 4906 1361 5003 asservatur.
1385 4896 1535 5004 Sigillum
1551 4897 1768 4984 desideratur,
1783 4901 1921 4967 lirnieuli
1933 4900 2068 4967 virides.
2335 4915 2345 4928 ·
