5409 6309
1365 845 1641 920 ...448-

678 1054 795 1140 victu
814 1077 1062 1163 pauperum,
1081 1056 1170 1132 turn
1192 1055 1236 1131 et
1255 1045 1578 1132 necessitatibus
1609 1045 1877 1156 providendis
1910 1047 2149 1152 eorundem,
2186 1050 2331 1137 Advo-

680 1171 875 1258 cacias
842 1198 932 1255 srve
954 1167 1217 1255 Scoltecias
1204 1196 1248 1251 rn
1270 1169 1377 1253 villis
1398 1167 1551 1251 nostris
1573 1164 1702 1278 Kwy,
1740 1164 1954 1250 Labasclm
1987 1165 2161 1278 prefatis
2183 1179 2225 1253 et
2245 1169 2330 1255 Bc·

678 1293 854 1376 niorowu
875 1286 983 1403 (3,)
972 1316 1015 1369 1n
1036 1286 1172 1371 Terra
1194 1287 1466 1376 Oracoviensi
1487 1296 1533 1370 at
1553 1286 1744 1370 districtu
1763 1284 1985 1372 Bieozensi
2021 1289 2124 1393 sitis,
2161 1300 2235 1373 aut
2252 1289 2329 1373 ali·

679 1438 809 1525 quam
830 1410 873 1491 in
894 1406 1052 1490 eisdem
1072 1405 1176 1489 villis
1198 1406 1484 1510 advocaciam,
1506 1391 1621 1514 apud
1636 1431 1758 1491 veros
1770 1405 1948 1489 heredes
1971 1408 2201 1495 earundem
2218 1438 2329 1495 eme·

677 1561 722 1617 re
743 1543 787 1615 et
807 1554 1052 1638 comparare
1073 1523 1315 1611 admisimus
1336 1536 1381 1610 et
1399 1524 1660 1629 indulsimus,
1698 1524 2051 1637 admittimusque
2074 1558 2096 1612 e
2100 1529 2329 1643 tindulge·

678 1680 773 1736 mus
793 1660 938 1733 tenore
957 1644 1222 1755 presencium
1244 1647 1466 1749 mediante,
1486 1645 1567 1730 Per
1589 1643 1758 1728 eosdem
1779 1642 1961 1730 factores
1997 1645 2215 1759 hospitalis
2235 1679 2333 1791 pre·

680 1771 759 1855 fati
779 1786 823 1855 st
842 1794 917 1877 pro
937 1768 1032 1876 ipso
1053 1763 1195 1873 hospit
1178 1766 1271 1847 talis
1292 1793 1388 1869 usu,
1417 1765 1480 1848 uti
1511 1764 1786 1874 premisimus
1818 1773 1863 1846 et
1877 1757 2153 1873 personarum
2174 1772 2219 1853 in
2238 1773 2336 1882 ipso

682 1885 1033 1974 decumbencium
1069 1890 1113 1963 et
1142 1882 1405 1996 degsnnium,
1446 1881 1689 1986 tenendum,
1725 1881 1982 1990 babendum,
2017 1888 2338 1995 possidendum,

679 2005 975 2108 assuendum,
1017 2030 1113 2085 cum
1154 2003 1414 2088 omnibuset
1396 2002 1610 2116 tsingulis
1646 1999 1876 2086 earundem
1912 2003 2235 2092 advocaciarum
2256 2019 2333 2092 aut

680 2133 809 2216 altere
830 2121 927 2241 (sic)
949 2151 1104 2223 earum,
1146 2149 1277 2234 quam
1312 2125 1380 2207 vel
1416 2151 1524 2236 quas
1546 2124 1587 2204 in
1609 2121 1769 2205 eisdem
1805 2123 1911 2207 villis
1951 2121 2080 2236 Krylc‚
2120 2123 2333 2211 Inebrraclo

681 2260 724 2335 et
744 2245 983 2332 Beniarowo
1004 2241 1198 2325 duxerint
1218 2244 1429 2346 emendas,
1450 2241 1754 2352 possidendum
1783 2251 1826 2325 et
1845 2241 2092 2330 habendum
2124 2245 2248 2357 ple'no
2267 2250 2333 2330 iu-

680 2401 738 2472 re,
773 2392 909 2476 eoque
946 2359 1032 2471 quo
1067 2360 1306 2445 venditores
1342 2360 1582 2447 huiusmodi
1624 2359 1949 2449 advocaciarum
1978 2367 2040 2447 uti
2062 2373 2105 2447 et
2123 2363 2204 2449 frui
2224 2369 2333 2455 soliti

681 2498 792 2591 sunt,
812 2494 1084 2592 utunturque,
1105 2478 1303 2565 Volentes
1322 2492 1364 2565 et
1384 2479 1649 2591 presentibus
1671 2479 1958 2586 decernentes,
1992 2485 2128 2568 dictas
2149 2486 2334 2573 advoca·

683 2610 771 2691 cias
792 2605 881 2689 sive
902 2600 1127 2690 scultecias
1144 2607 1219 2683 aut
1234 2629 1361 2684 unam
1380 2627 1680 2713 quamcunque
1696 2627 1748 2683 ex
1758 2603 1817 2685 eis
1834 2630 1971 2687 emere
1989 2605 2212 2718 contingat
2223 2606 2335 2721 (sic),

682 2728 738 2813 ab
761 2720 955 2809 omnibus
979 2727 1021 2803 et
1040 2719 1216 2832 singulis
1238 2720 1447 2825 censibus,
1485 2716 1787 2824 exactionibus,
1808 2719 2054 2827 laboribus,
2090 2721 2333 2811 donacioni-

684 2849 777 2947 bus,
800 2842 999 2949 servicys‚
1022 2865 1219 2950 angarys‚
1241 2838 1440 2944 ducaris,
1457 2839 1800 2950 expeditionibus
1820 2840 1986 2927 bellicis
2003 2839 2268 2956 generalibus
2291 2857 2336 2932 st

680 2959 1071 3078 particularibus
1024 2959 1176 3041 nostris
1199 2966 1242 3041 st
1262 2957 1404 3072 Regni
1422 2962 1565 3064 nostri,
1602 2957 1934 3071 officialiumque
1969 2973 2205 3048 nostrorum
2227 2994 2335 3078 quo-

682 3082 880 3168 rumlibet
899 3077 987 3164 fore
1011 3090 1053 3159 et
1068 3105 1159 3160 esse
1179 3076 1333 3163 liberos
1357 3087 1400 3164 et
1421 3078 1589 3164 absolut
1571 3087 1649 3163 t.os
1697 3073 1815 3179 Quas
1837 3082 2059 3165 scultecias
2084 3093 2241 3169 etcum
2264 3114 2337 3171 ca·

683 3232 777 3286 rum
800 3197 1077 3284 directoribus
1098 3196 1262 3307 prefate
1286 3198 1480 3284 Civitatis
1500 3197 1727 3281 Beczensis
1764 3198 2100 3287 Consulibusct
2056 3209 2185 3314 tque
2206 3204 2337 3317 ipsius

683 3319 902 3432 hospitalis
922 3316 1080 3403 vitricis
1117 3327 1160 3401 et
1178 3316 1465 3428 provisoribus
1501 3317 1724 3403 occasione
1760 3327 1911 3406 tenuta
1865 3319 2244 3407 tScolteciarum
2266 3354 2337 3409 ea·

683 3436 874 3543 cundem}
893 3436 1150 3523 absolvimus
1172 3447 1216 3521 et
1233 3437 1481 3523 libertamus
1516 3446 1661 3522 tenore
1682 3440 1959 3547 presencium,
1993 3439 2168 3555 Easque
2187 3442 2255 3526 vel
2275 3443 2338 3529 al·

684 3570 821 3644 teram
842 3586 986 3642 earum
1006 3558 1379 3641 advocaciarum
1366 3588 1411 3641 m
1441 3558 1541 3656 dict
1530 3584 1565 3640 rs
1586 3556 1691 3663 villis
1714 3559 1987 3645 emendarum
2007 3558 2103 3645 Juri
2123 3564 2198 3644 et
2185 3591 2335 3648 rmmu-

685 3681 806 3763 nitati
827 3676 1046 3788 hospitalis
1066 3676 1245 3792 predicti
1268 3677 1528 3760 annectimus
1560 3687 1602 3761 et
1629 3678 1959 3791 incorporamus,
1995 3680 2265 3766 Prosentibus
2284 3681 2335 3766 li-⁷

685 3797 924 3885 bertatibus
947 3795 1232 3906 quoadusque
1268 3796 1370 3878 dicti
1401 3795 1609 3881 Consules
1632 3800 1803 3904 easdem
1838 3797 2092 3885 advocacias
2125 3804 2338 3887 tenuerint

688 3945 764 4028 pro
787 3915 899 3998 dicto
921 3914 1118 4024 hospitali
1144 3917 1435 4001 tantummodo
1470 3916 1685 4000 valituris
1721 3911 1884 4004 Harum
1922 3918 2116 4033 Sigillum
2150 3930 2338 4008 nostrum

690 4045 757 4122 est
777 4033 1095 4144 subappensum
1115 4034 1352 4117 testimonio
1373 4035 1602 4119 literarum.
1632 4034 1790 4122 Actum
1809 4048 1853 4123 et
1869 4038 2012 4124 datum
2035 4033 2220 4123 Crocooie
2234 4039 2338 4146 feria

685 4156 820 4240 tercia
840 4164 939 4236 ante
957 4150 1115 4237 festum
1138 4151 1294 4238 Sancte
1310 4153 1582 4267 Margarethe
1603 4155 1789 4269 virginis.
1835 4156 1960 4244 Anno
1981 4158 2155 4244 Domini-
2172 4158 2340 4246 bsrllesi·

687 4303 758 4362 mo
781 4273 1198 4387 quadringentesimo
1221 4270 1558 4387 Septuagesimo.
1590 4274 1863 4370 Presentibus
1884 4276 2124 4390 Magnificis
2153 4287 2199 4362 et
2214 4307 2342 4365 vene-

688 4394 891 4481 rabilibus
912 4393 1126 4479 Dobeslao
1146 4391 1295 4476 Kmita
1323 4395 1376 4478 de
1414 4392 1605 4478 Wisna'cze
1639 4394 1903 4502 Lublinensi,
1934 4397 2130 4483 «Iohanne
2164 4398 2216 4484 de
2238 4399 2341 4485 Tor-

561 4549 569 4570 *
688 4542 775 4598 noco
797 4511 1123 4624 Woynicziensi,
1165 4511 1379 4599 Stanislao
1402 4513 1454 4597 de
1477 4509 1669 4604 Strzelcrc
1705 4514 1966 4602 Sandecensi
1997 4515 2261 4625 Castellanis,
2299 4527 2341 4603 et

617 4685 621 4692 ι
691 4632 889 4718 dohanne
910 4631 1121 4746 Dlupoaclz
1141 4661 1193 4715 ac
1213 4631 1377 4717 Mathia
1411 4630 1676 4746 Blandowslcy
1713 4634 1939 4723 Canonicis
1976 4635 2342 4744 Oracoviensibus‚

691 4752 872 4838 testibus
913 4751 1025 4837 circa
1064 4754 1282 4862 premissa.
1343 4752 1505 4837 Datum
1543 4782 1620 4865 per
1650 4784 1800 4841 manus
1831 4755 2050 4869 Magnifici
2092 4755 2248 4846 Jacobi
2288 4757 2341 4841 de

797 4988 837 5067 (⁸)
858 4984 1029 5054 Binarouc
1044 4995 1095 5053 eat
1108 4985 1186 5053 villa
1199 4986 1407 5073 parochialis,
1423 4988 1593 5056 Biecensis
1608 4987 1684 5056 olim
1699 4991 1863 5058 territoria
1878 4994 1999 5077 (1676)
