5409 6309
1386 813 1735 958 fros-'

692 1045 729 1130 si
748 1042 876 1129 fuerit
895 1049 1177 1154 opportunum
1198 1068 1294 1123 cum
1315 1038 1508 1123 curribus
1526 1049 1570 1123 et
1586 1039 1822 1144 emendare,
1843 1039 1911 1126 vel
1926 1039 1993 1126 illo
2008 1049 2209 1151 tempore,
2230 1043 2361 1155 quod.

693 1173 807 1248 esset
827 1163 882 1246 ad
903 1189 1106 1274 aggerem
1126 1186 1303 1245 necesse
1323 1160 1574 1244 conducere.
1619 1158 1805 1244 Domum
1824 1161 1908 1244 iam
1935 1159 2035 1244 dicti
2056 1160 2193 1245 incole
2212 1161 2349 1248 domi·

690 1309 745 1368 no
765 1285 992 1393 preposito,
1014 1288 1089 1363 aut
1110 1278 1338 1365 couventui
1358 1279 1401 1358 in
1418 1278 1616 1364 censibus
1637 1289 1681 1362 et
1700 1280 1745 1361 in
1765 1279 1855 1363 aliis
1877 1280 2090 1366 consuetis
2109 1280 2344 1370 redditibus

692 1411 734 1484 et
754 1400 1002 1486 daciouibus
1042 1400 1251 1482 irrecusae
1288 1397 1386 1512 (sic)
1422 1397 1769 1507 respondebunt·
1806 1399 1875 1484 Ita
1914 1411 2069 1502 tamen,
2106 1400 2222 1511 quod
2245 1402 2346 1488 dum

689 1520 867 1633 predicti
900 1518 1035 1604 incole
1074 1517 1126 1601 de
1162 1518 1227 1601 his
1249 1517 1545 1629 suprascriptis
1582 1516 1727 1629 aliqua
1745 1519 2062 1603 inaduertencia
2103 1518 2346 1608 Conuentui

689 1639 1001 1751 negligenciam
1021 1635 1209 1742 fecerint,
1243 1647 1345 1720 tunc
1378 1637 1571 1722 dominus
1605 1640 1848 1749 prepositus
1888 1640 1980 1722 siue
2002 1648 2239 1722 conuentus
2260 1666 2347 1725 non

688 1758 953 1872 pignerando
976 1757 1031 1839 ad
1053 1758 1203 1867 capitis
1226 1752 1324 1870 (sic)
1347 1757 1547 1861 confluat,
1578 1757 1647 1839 vel
1697 1758 1753 1841 ad
1787 1759 2137 1870 vicesgerentem,
2180 1768 2229 1842 ut
2262 1760 2345 1869 ipsi

685 1879 833 1966 habito
854 1882 1042 1990 pignore,
1079 1876 1136 1959 ad
1163 1875 1494 1961 satisfactionem
1516 1887 1823 1981 coercerentur,
1861 1877 1963 1962 alias
2000 1876 2112 1964 solus
2151 1877 2345 1964 dominus

685 2001 924 2115 prepositus
945 1996 1307 2107 impignoraretur‚
1327 1997 1447 2077 iuxta
1466 1995 1728 2079 sentenciam
1750 1999 2131 2107 suprascriptorum
2152 1997 2344 2085 domino-

686 2147 790 2219 rum,
833 2144 962 2228 quam
998 2126 1098 2199 tuno
1120 2117 1393 2199 sentenciam
1419 2123 1468 2196 ut
1501 2115 1753 2224 premittitur
1792 2113 1950 2200 factam
1985 2115 2168 2228 predicti
2206 2117 2355 2204 incole·

687 2238 905 2323 audientes
926 2234 1165 2320 memoriale
1208 2236 1427 2336 dederunt,
1449 2245 1492 2317 et
1517 2234 1615 2318 hinc
1638 2231 1835 2318 acclinati
1871 2245 1970 2319 sunt
1989 2244 2160 2346 propter
2183 2233 2355 2348 discor-¹

687 2356 810 2463 diam,
832 2384 961 2468 quam
983 2382 1082 2470 cum
1103 2354 1328 2440 Oonuentu
1365 2354 1521 2438 diutius
1558 2351 1788 2437 hebebant
1850 2355 1901 2439 In
1933 2356 2052 2439 cuius
2072 2355 2133 2438 rei
2151 2353 2341 2443 testiino-

687 2477 804 2561 nium
822 2476 1007 2588 sigillum
1026 2484 1215 2557 nostrum
1252 2470 1519 2583 presentibus
1556 2482 1621 2556 e'st
1642 2499 1892 2582 appensum.
1956 2475 2112 2559 Actum
2133 2485 2177 2559 et
2197 2474 2344 2563 datum

694 2593 853 2680 Vislicic
875 2596 943 2680 die
965 2592 1173 2678 dominico
1189 2596 1378 2704 proximo
1398 2601 1496 2703 post
1518 2589 1672 2675 festum
1693 2591 2022 2704 sancti-Ioannis
2038 2590 2344 2708 Bastetania)

688 2743 800 2800 anno
822 2715 977 2799 domini
997 2713 1212 2797 millesimo
1235 2712 1655 2822 quadringentesimo
1691 2714 1909 2826 trigesimo
1940 2715 2101 2824 quinto.
2161 2713 2342 2804 Pre'sen-

686 2833 801 2917 tibus
822 2832 1032 2917 strennuis
1055 2842 1098 2915 et
1117 2831 1330 2916 nobilibus
1366 2829 1578 2916 Dobkone
1615 2831 1668 2914 de
1709 2827 1839 2915 Ucetia
1874 2831 2067 2919 Tribuno
2096 2827 2343 2940 Stazicensi,

688 2951 905 3052 Clemente
943 2953 996 3036 de
1018 2950 1235 3065 Sopicboto,
1275 2949 1463 3037 Joanne·
1487 2949 1540 3033 de
1579 2945 1749 3040 Creticum
1792 2950 2028 3074 ¹(lapitaneo
2068 2951 2343 3038 Radomiensi
2398 3039 2403 3048 ,

686 3071 902 3157 Prandota
924 3071 976 3154 de
1000 3069 1101 3155 Gorc'
1117 3079 1160 3154 et
1180 3071 1305 3157 Petro
1329 3071 1382 3155 de
1406 3064 1614 3155 Czarnlcow
1636 3079 1680 3152 et
1700 3070 1792 3155 aliis
1829 3071 2171 3182 quampluribus
2191 3071 2342 3160 fidedi-

689 3192 784 3303 gnis
805 3190 985 3276 testibus
1007 3190 1062 3273 ad
1083 3191 1301 3302 premissa.

795 3311 919 3396 1539.
941 3310 1031 3396 Nos
1051 3310 1181 3422 igitur
1203 3308 1501 3423 Sigismundus
1523 3307 1617 3393 Rex
1637 3309 1908 3394 attendentes
1943 3310 2131 3422 ipsorum
2163 3309 2350 3398 Oolono·

684 3455 778 3512 rum
798 3429 897 3513 villa
919 3425 1215 3514 Crzizunowicze
1235 3431 1487 3539 peticionem
1524 3425 1613 3513 fore
1649 3429 1804 3513 iustam
1842 3438 1885 3514 et
1918 3431 2072 3516 rationi
2113 3458 2345 3518 consonam

689 3546 860 3632 easdem
890 3548 1034 3634 literas
1067 3548 1345 3634 ordinacionis
1381 3548 1571 3634 laborum
1605 3549 1793 3657 ipsorum
1814 3552 1857 3632 in
1878 3578 2057 3661 quarum
2078 3551 2344 3663 possessione

685 3664 892 3750 haetenus
913 3667 1067 3751 fuerint
1086 3670 1130 3749 in
1150 3677 1239 3753 toto
1263 3697 1407 3751 earum
1437 3678 1580 3752 tenore
1618 3667 1941 3774 confirmandas,
1978 3669 2277 3780 approbandas
2301 3679 2345 3753 et

522 3853 525 3858 .
684 3785 958 3870 ratificandas
1000 3787 1207 3892 duximus,
1251 3787 1646 3899 confirmamusque,
1683 3787 1970 3900 approbamus
2008 3802 2052 3873 et
2084 3785 2363 3873 ratificamus⁸

686 3904 965 4015 presentibus.
996 3907 1285 3990 Decernentes
1308 3935 1381 3991 eas
1402 3918 1446 3991 et
1466 3908 1606 3991 omnia
1626 3906 1668 3988 in
1691 3907 1750 3990 eis
1773 3917 1975 3993 contenta
1993 3913 2123 3995 robur
2145 3908 2287 3993 debite
2303 3921 2346 3992 et

684 4033 889 4135 perpetue
910 4025 1121 4109 firmitatis
1143 4026 1373 4132 habituras,
1388 4027 1556 4137 juribus
1578 4035 1721 4110 tamen
1741 4030 1893 4113 nostris
1915 4027 2072 4113 ibidem
2101 4029 2228 4113 saluis
2250 4057 2344 4138 per·

684 4145 968 4228 manentibus.
999 4145 1163 4229 Harum
1185 4147 1424 4233 testimonio
1454 4148 1697 4250 litterarum,
1739 4148 1893 4258 quibus
1933 4148 2118 4260 sigillum
2154 4157 2345 4233 nostrum

684 4265 953 4375 presentibus
975 4275 1042 4349 est
1062 4292 1309 4374 appensum.
1331 4266 1489 4352 Actum
1511 4275 1554 4347 et
1576 4265 1723 4349 datum
1747 4264 1934 4351 Crucour‘e
1970 4269 2013 4349 iu
2051 4266 2343 4354 Conventione

687 4386 873 4495 generali
893 4383 998 4468 feria
1020 4388 1168 4495 quinta
1187 4396 1286 4494 post
1308 4388 1562 4484 dominicam
1583 4384 1808 4470 Inuocauit
1828 4388 2030 4498 proxima.
2063 4387 2187 4473 Anno
2211 4387 2344 4474 domi·

687 4504 731 4585 ni
750 4503 968 4589 millesimo
990 4505 1332 4616 quingentesimo
1353 4506 1571 4621 trigesimo
1592 4530 1716 4591 nono.
1763 4503 1905 4618 Regni
1940 4534 2040 4593 vero
2075 4507 2210 4617 nostrj
2232 4534 2343 4593 anno
2414 4595 2419 4605 ,

687 4624 902 4729 trigesimo
923 4626 1069 4709 tercio.

739 4737 897 4825 Paulus
920 4743 972 4826 de
1000 4739 1099 4828 Vola
1408 4743 1584 4830 Belacio
1606 4743 1824 4857 Magnifici
1844 4745 1968 4831 Pauli
1991 4746 2044 4830 de
2064 4743 2168 4830 velis
2181 4743 2234 4834 R.
2261 4745 2344 4832 Po·

792 4857 844 4943 R.
864 4861 912 4943 P.
936 4860 1235 4947 Oancellarius.
1306 4863 1418 4948 lonis
1439 4862 1693 4948 Oancellarii
1722 4864 1950 4979 Burgrabii
1982 4863 2281 4958 Oracouicnsis
2299 4874 2344 4952 ct

1023 5008 1026 5014 ·
1312 4982 1537 5093 Capitanei
1559 4981 1838 5071 (lostinensis.
