5409 6309
1256 751 1675 882 ,qm-„k

532 997 536 1005 ·
673 968 1005 1056 ,confirmamus
1038 962 1230 1070 Retinuit
1248 971 1405 1066 tamen,
1433 963 1527 1071 ipse
1557 957 1701 1072 abbas
1716 963 2029 1070 usumfructum
2049 966 2227 1049 duarum
2257 997 2361 1076 pan..
2427 1027 2433 1038 .

693 1087 818 1188 cium,
839 1087 968 1167 tercie
999 1081 1132 1190 partis
1163 1107 1289 1164 usum
1309 1081 1486 1190 ejsdem
1507 1082 1698 1166 tribuens
1718 1083 1763 1163 in
1783 1083 1985 1192 presenb‘.
2033 1084 2141 1168 Item
2164 1087 2352 1172 donatio⁴

692 1232 789 1286 nem
811 1205 935 1317 sortis
956 1197 1254 1282 dedoleclouie
1274 1199 1330 1312 (⁹)
1351 1198 1462 1307 seruj
1485 1199 1623 1309 glebo,
1644 1203 1878 1308 spectantis
1908 1204 1963 1284 ad
1984 1204 2181 1286 oracouie
2201 1206 2356 1288 castel·

689 1321 844 1422 lanum,
864 1318 1025 1402 factam
1045 1347 1071 1399 a
1091 1328 1235 1401 nostro
1255 1327 1408 1426 patruo
1424 1318 1617 1428 predicto
1638 1317 1823 1429 daneonj
1844 1328 2024 1428 patrono
2046 1320 2215 1428 claustrj
2233 1333 2355 1406 antc-
2436 1352 2439 1358 ·

689 1437 778 1546 fati,
802 1448 846 1521 et
867 1439 1070 1524 donatam
1088 1436 1169 1545 ipsj
1192 1436 1388 1538 claustro,
1407 1444 1545 1517 ratam
1561 1445 1785 1552 censentes
1802 1437 2112 1522 confirmamus.
2146 1436 2242 1538 Que
2262 1461 2359 1524 sors'

688 1557 878 1640 uacabat
893 1568 1012 1659 mne,
1049 1556 1197 1639 colono
1219 1555 1310 1663 ejus
1332 1554 1389 1635 ad
1409 1563 1541 1656 terras
1579 1564 1744 1639 exteras
1780 1553 1984 1666 fugiente.
2030 1556 2139 1638 Item
2177 1559 2353 1652 alteram

686 1683 845 1758 sortem
866 1677 976 1781 seruj
993 1673 1189 1781 ejusdem
1210 1672 1462 1755 conditionis
1483 1671 1642 1754 ibidem
1663 1674 1913 1781 donaujmus
1930 1700 2027 1754 cum
2042 1684 2174 1757 matre
2191 1687 2349 1784 nostra,

686 1794 942 1876 monasterio
979 1789 1183 1898 sepefato.
1208 1790 1439 1871 Dedimus
1474 1789 1769 1873 nichilominus
1805 1819 1936 1872 unum
1972 1792 2202 1875 caldarium
2233 1796 2351 1903 quod

685 1939 716 1992 a
735 1910 867 2021 uulgo
882 1910 1003 1991 ebron
1014 1910 1267 1990 nominatur.
1286 1907 1545 2017 cumpecioo.
1562 1908 1606 1988 in
1623 1907 1771 1992 toalea
1782 1909 1964 1994 elaustro
1984 1909 2037 1990 de
2053 1909 2235 2013 scoretal,
2249 1939 2352 1996 con-

687 2031 910 2111 stituentes
931 2036 980 2108 ut
1000 2025 1177 2136 singulis
1200 2024 1351 2108 diebus
1373 2024 1427 2105 de
1449 2023 1567 2109 fonto
1588 2035 1732 2110 nostro
1752 2027 1901 2135 liquidi
1921 2026 2020 2109 salis
2030 2028 2074 2108 in
2085 2027 2233 2109 boclam
2252 2055 2351 2138 sep-
2502 2097 2507 2106 .

495 2149 544 2189 “’
686 2155 772 2227 tem
787 2147 876 2230 tine
885 2140 985 2260 (sio)
1003 2144 1059 2226 ad
1073 2142 1288 2252 prefatum
1299 2143 1534 2228 caldarium
1548 2154 1756 2251 perpetuo
1773 2144 2053 2228 conferantur.
2079 2145 2188 2228 Item
2207 2152 2351 2255 proni.
2469 2124 2504 2168 “·
2585 2171 2588 2175 ,

687 2259 837 2348 dentes
858 2262 1131 2371 oonsojentijs
1159 2262 1347 2369 ipsarum
1380 2260 1624 2368 monjalium
1654 2263 1893 2373 leuigandis
1926 2290 2012 2374 quo
2042 2261 2253 2346 securius?
2273 2266 2348 2376 (¹⁰)

683 2380 1045 2495 (faciliusflpuras
1067 2380 1280 2464 crationes
1300 2407 1377 2490 pro
1398 2388 1545 2462 nostra
1564 2378 1702 2462 salute
1723 2408 1774 2462 ac
1794 2391 1940 2464 nostre
1960 2378 2349 2466 matris‘dilectissi-

575 2605 578 2614 ι
682 2525 842 2590 moneo
858 2528 943 2583 non
966 2507 1008 2579 et
1029 2499 1297 2608 cunegundis
1316 2507 1459 2582 nostre
1480 2498 1676 2609 coniugis
1696 2499 1867 2581 ualeant
1880 2499 2090 2582 leuaread
2106 2499 2244 2603 deum,
2260 2527 2349 2585 son

645 2704 658 2722 ,
682 2627 770 2699 tem
792 2618 845 2698 de
864 2641 1013 2702 zoaran
1046 2619 1157 2725 seruj
1179 2618 1411 2724 spectantis
1444 2614 1500 2696 ad
1521 2617 1718 2700 cracouie
1752 2617 2042 2718 castellanum,
2070 2645 2202 2725 quam
2216 2619 2346 2727 janco
2406 2661 2412 2666 ·

460 2845 465 2863 ¹
552 2797 563 2824 .
682 2734 871 2842 prefatus
894 2733 1004 2815 olam
1025 2736 1263 2842 occupauit,
1277 2745 1385 2842 Jtem
1405 2744 1540 2816 terras
1564 2762 1649 2843 per
1670 2734 1931 2843 'clementem
1962 2734 2238 2844 princjpalem
2268 2765 2348 2844 pas

681 2862 851 2938 bonum
872 2861 914 2933 et
934 2850 1199 2936 fundatorem
1221 2852 1394 2962 claustrj
1417 2854 1469 2934 de
1491 2850 1662 2933 stooetele
1683 2861 1879 2962 optentus
1901 2851 1999 2965 (sic)
2020 2852 2063 2959 uj
2080 2861 2155 2934 aut
2174 2853 2286 2935 clam
2301 2857 2346 2936 in

680 2969 908 3052 smirduobo
942 2963 987 3050 et
1014 2970 1059 3052 in
1095 2967 1226 3080 belonj
1256 2970 1345 3082 (¹¹).
1378 2972 1496 3054 Item
1523 2979 1680 3082 terram
1725 2972 1768 3079 in
1795 2998 1938 3082 pruses
1971 3000 1997 3053 a
2016 2967 2189 3054 uirbut'a
2201 2973 2253 3053 ui
2273 2984 2349 3055 aut
2400 3073 2405 3080 ³
2457 3058 2467 3067 ,

679 3087 1066 3198 clamoccupatam,
1078 3096 1123 3168 et
1131 3097 1398 3195 pemutatam
1416 3085 1514 3202 (sic)
1535 3087 1730 3197 michaelj
1753 3089 1978 3200 prednogij
2000 3115 2074 3197 pro
2095 3098 2207 3173 terra
2229 3091 2359 3181 adia,

680 3215 803 3290 cente
813 3205 961 3313 predio
972 3207 1218 3315 premuotan
1232 3209 1463 3309 nominato,
1472 3205 1582 3314 jtem
1599 3208 1808 3317 quicquid
1831 3207 1882 3288 de
1904 3210 2024 3290 terris
2046 3216 2091 3312 et
2109 3206 2273 3316 iurjbus
2295 3237 2346 3292 ac

663 3322 731 3434 ‚de
766 3321 914 3405 usibus
949 3331 1156 3416 terrarum
1191 3325 1399 3410 adducis
1436 3326 1501 3405 ius
1536 3325 1838 3435 pertinentium
1868 3353 1944 3431 per
1975 3324 2184 3408 uirbetam
2203 3326 2247 3434 uj
2268 3340 2346 3411 aut

533 3459 542 3466 ·
679 3439 788 3522 clam
810 3449 876 3521 est
893 3449 1145 3548 usurpatum
1164 3440 1210 3544 in
1229 3443 1387 3557 predijs
1408 3444 1655 3553 prenotatis.
1689 3442 1889 3551 ujdelicet
1908 3456 2060 3525 ostreae.
2094 3466 2251 3552 corgon.
2284 3442 2346 3525 lu-

677 3556 800 3640 touict'
813 3611 818 3616 ·
832 3555 1046 3642 elimentum
1085 3558 1245 3669 dicbrm
1265 3559 1355 3673 (¹²).
1374 3558 1623 3674 postiradicj.
1658 3560 1896 3668 Macbmicj.
1919 3586 2071 3642 recrea.
2087 3570 2214 3642 ¹zolor.
2238 3565 2344 3647 etin

677 3676 769 3784 alijs
790 3673 949 3785 predijs
985 3678 1227 3788 monasterij
1251 3680 1303 3760 de
1323 3675 1508 3775 stanetelo,
1546 3677 1705 3784 ujcium
1724 3678 1786 3784 rej
1807 3704 1884 3784 per
1903 3667 1989 3759 uim
2011 3687 2087 3757 aut
2109 3677 2222 3768 clam
2240 3707 2343 3787 pos·

675 3813 801 3888 sessa
812 3802 1060 3903 purgantes,
1082 3794 1289 3879 donamus
1310 3798 1627 3905 inperpetuum
1647 3792 1899 3878 monialibus
1932 3795 2172 3903 monasterij
2195 3821 2344 3905 supra-

675 3911 833 4020 scripq‘.
865 3910 936 3993 Ad
955 3912 1035 4022 hec
1057 3913 1356 3997 confirmamus
1378 3914 1522 3999 omnia
1541 3913 1691 4021 predia
1726 3911 1879 3996 collata
1911 3911 2071 4020 ejsdem
2090 3912 2362 4008 monialibus·

656 4047 751 4137 ⁴per
771 4029 1021 4114 clementem
1043 4033 1259 4140 quondam
1280 4033 1558 4118 castellanum
1580 4031 1777 4113 cracouie
1797 4028 2066 4122 fundatorem
2099 4034 2341 4143 monasterij

674 4146 878 4256 ejusdem.
902 4156 945 4228 et
962 4175 1039 4256 per
1058 4144 1209 4234 fratres
1231 4151 1562 4262 ejusdominum
1585 4149 1787 4232 andream
1816 4151 2063 4260 episcopum
2099 4149 2341 4258 plocensem

777 4347 821 4427 (⁹)
843 4346 1047 4428 Boleclowica
1060 4345 1138 4412 villa
1152 4369 1224 4448 reg.
1240 4345 1487 4430 cracoviensis,
1505 4370 1582 4413 suae
1599 4345 1778 4436 parochiae
1794 4357 1904 4433 caput.

775 4431 834 4511 (¹⁰)
853 4430 904 4496 Ita
917 4429 1056 4518 legimus
1071 4430 1363 4500 abbreviationem:
1380 4434 1527 4517 q⁰scius
1615 4489 1622 4494 .
2082 4494 2113 4502 ..

774 4515 828 4593 (Η)
847 4507 1010 4581 Fortasse
1030 4514 1108 4579 villa
1122 4514 1321 4601 Smierdzooo
1335 4519 1484 4605 regionis
1500 4516 1747 4600 cracoviensis,
1767 4539 1838 4601 par.
1854 4514 1898 4579 ad
1911 4513 2026 4580 Liszlri
2042 4516 2239 4599 spectantis,
2270 4538 2338 4579 non

671 4596 789 4743 procul
803 4599 1041 4664 amonasterio
1054 4598 1311 4669 Camalduliensi
1323 4604 1360 4668 in
1373 4602 1452 4667 villa
1466 4603 1620 4689 Bielony,
1636 4602 1679 4668 ad
1694 4603 1799 4688 ripam
1823 4599 1986 4682 vistulae,
2016 4622 2082 4663 uno
2113 4609 2240 4664 tantum
2266 4600 2339 4663 mil·

683 4681 768 4745 1ario
783 4703 804 4743 a
819 4680 982 4748 Cracovia
1004 4682 1167 4752 distantis.
1222 4739 1228 4745 .
2157 4729 2166 4742 ,

774 4763 832 4847 (¹²)
854 4764 986 4832 Clarum
999 4775 1051 4834 est
1065 4767 1177 4866 igitur,
1194 4769 1306 4835 villam
1320 4770 1487 4852 antiquam
1503 4769 1626 4835 lutoaici
1640 4780 1761 4854 postea
1772 4771 1941 4864 climentow
1958 4768 2181 4858 dictamesse3
2197 4767 2332 4852 privile-

536 4906 538 4910 ,
577 4843 582 4854 '
668 4847 757 4932 giem
774 4869 916 4933 sequens
931 4872 1052 4918 novum
1067 4853 1214 4939 ejusdem
1228 4856 1441 4938 conjecturae
1456 4852 1513 4918 dat
1526 4854 1760 4918 testimonium.
