5409 6309
1353 768 1533 846 -aso
1589 743 1632 825 '-

656 984 898 1068 Hanussius
921 987 963 1060 et
982 976 1048 1058 sui
1069 971 1327 1056 succedanei
1349 971 1457 1054 duas
1478 980 1620 1079 partes
1640 993 1717 1078 pro
1738 965 1862 1051 nobis
1877 970 2136 1056 reseruando
2152 974 2333 1059 terciam

646 1130 732 1211 ‚pro
754 1130 801 1184 se
820 1096 1055 1207 percipient
1075 1100 1119 1175 et
1139 1088 1374 1175 habebunt.
1410 1088 1543 1173 Circa
1561 1112 1664 1170 uero
1684 1087 1981 1195 reparaeiones
2003 1088 2331 1176 attinenciorum

656 1214 900 1315 molendini,
938 1238 1036 1292 curn
1073 1206 1218 1319 aliqua
1246 1208 1402 1291 fuerint
1433 1206 1652 1288 destructa
1671 1227 1749 1288 nos
1772 1203 1878 1302 duas
1899 1212 2043 1311 partes
2069 1207 2329 1292 den‘aiorium
2368 1254 2373 1259 ·

515 1316 518 1323 ¹
658 1344 700 1416 et
719 1335 813 1442 ipse
833 1328 1073 1412 Hanussius
1110 1353 1209 1407 cum
1230 1327 1318 1408 suis
1341 1322 1659 1408 successoribus
1694 1329 1860 1429 partem
1895 1324 2073 1405 terciam
2109 1327 2328 1434 impende·
2380 1314 2388 1351 ¹

655 1477 761 1549 mus,
785 1448 871 1530 Sed
893 1445 1062 1529 omnino
1082 1445 1174 1554 ipse
1196 1441 1438 1525 Hanussius
1460 1450 1504 1522 et
1523 1441 1588 1522 sui
1610 1464 1880 1522 successores
1912 1439 2068 1522 nullam
2100 1443 2326 1526 utilitatem

644 1566 834 1675 ‘piscium
854 1560 1079 1643 habebunt
1096 1563 1140 1643 in
1163 1560 1277 1641 dicta
1297 1557 1473 1668 piscina.
1523 1556 1722 1641 Ceterum
1743 1557 1905 1640 licitum
1926 1559 2004 1641 erit
2024 1559 2329 1666 predictoHa·
2441 1586 2445 1593 ·

655 1684 799 1766 nussio
822 1708 919 1761 cum
940 1680 1027 1787 suis
1047 1678 1230 1786 posteris
1260 1677 1499 1785 predictam
1530 1702 1650 1757 suam
1682 1676 1859 1757 terciam
1878 1683 2045 1782 partem
2065 1676 2216 1787 prefati
2236 1708 2328 1766 mo·
2402 1774 2413 1785 ,

654 1784 815 1884 lendini
856 1797 1014 1882 donare
1046 1806 1089 1877 et
1117 1794 1301 1878 vendere
1324 1790 1387 1874 'de
1407 1793 1627 1876 uoluntate
1663 1801 1827 1897 nostra,
1867 1819 2046 1900 persone
2082 1823 2165 1904 que
2202 1797 2327 1893 nobis

511 1938 514 1945 .
654 1914 859 2026 placebit,
889 1915 940 1997 111
962 1912 1081 1999 ouius
1103 1910 1164 1994 rei
1182 1912 1475 1996 testimonium·
1504 1909 1772 2020 presentibus
1808 1919 1999 1994 nostrum
2039 1911 2221 2022 sigillum
2257 1928 2325 1998 est

656 2036 904 2145 appensum.
954 2028 1115 2112 Actum
1134 2031 1177 2109 in
1200 2028 1363 2138 Spdlow
1386 2029 1453 2111 die
1475 2029 1689 2112 dominica
1710 2056 1799 2137 qua
1819 2037 2018 2111 cantatur
2040 2028 2328 2115 Reminiscere

506 2244 511 2255 q
654 2153 778 2235 Anno
802 2148 957 2232 domini
977 2145 1139 2232 MOOO
1162 2143 1503 2258 Quadragesimo
1521 2148 1722 2255 septimo,
1737 2144 2010 2229 Presentibns
2031 2146 2115 2254 hijs
2134 2136 2327 2255 testibus,

653 2266 844 2355 Dominis
880 2264 1051 2365 Joanne
1086 2265 1194 2349 dura
1228 2263 1559 2349 Sandomiriensi
1580 2265 1792 2367 Palatino,
1816 2262 2026 2348 Stanislao
2050 2264 2327 2351 Oraeouiensi

576 2436 581 2443 ·
653 2385 872 2473 Abraham
910 2382 1260 2488 Sandomiriensi,
1298 2381 1624 2491 Subpincemis,
1668 2381 1873 2491 Sethcgio
1914 2381 2121 2492 Agazone
2165 2383 2324 2470 Oraco-

652 2496 799 2603 utensi,
820 2499 1068 2585 Wilczcone
1092 2499 1375 2610 Subdapifero
1399 2498 1731 2583 Sandomiriensi
1753 2507 1796 2583 et
1816 2499 2021 2584 dohanne
2044 2501 2215 2584 doctore
2235 2501 2321 2585 De·

434 2612 439 2623 ’
563 2680 568 2691 -
652 2631 863 2704 cretorum
885 2618 1104 2703 Canonico
1127 2617 1485 2720 Wratislauiensi‚
1519 2619 1666 2702 datum
1686 2614 1954 2739 et'scriptum
1975 2646 2051 2726 per
2071 2647 2223 2703 manus
2244 2616 2323 2703 do·

651 2739 801 2821 hannis
823 2737 878 2819 de
898 2735 1039 2821 Burro
1060 2735 1116 2848 (⁴)
1137 2735 1302 2821 Notarii
1325 2735 1629 2865 Gurienostre.

758 2952 802 3036 (⁴)
824 2950 944 3033 Baelo,
957 2948 1036 3016 urbs
1052 2928 1286 3021 Stobnicensis
1302 2952 1453 3040 regionis
1467 2951 1502 3018 in
1516 2952 1634 3037 Regno
1652 2950 1822 3019 Poloniae.
1860 3000 1864 3007 -

1122 3318 1128 3331 '
1238 3399 1253 3408 ··
1408 3360 1598 3531 ron„

992 3612 1364 3697 Graoovirw-
1375 3612 1635 3715 wlureio·
1650 3608 1797 3709 1³48
1816 3635 1982 3700 anno.

647 3824 840 3920 mineum
859 3827 1046 3904 tmtrttorls
1067 3847 1123 3904 nu
1137 3831 1300 3925 erectionis
1313 3832 1410 3905 villas
1426 3833 1605 3900 Binarowa
1626 3829 1909 3905 sensimus
1930 3822 2044 3926 mgna
2056 3834 2163 3908 nnn
2179 3834 2321 3910 mstis
2471 3828 2476 3839 '

581 3974 591 3989 ·
1047 3952 1051 3965 ·
1220 3932 1741 4035 svnunranonnmano).
1857 3952 1911 3997 ‘-

749 4134 801 4217 In
822 4138 990 4221 nomine
1027 4138 1196 4224 domini.
1233 4140 1386 4258 Amen
1449 4137 1576 4240 Quod
1615 4142 1867 4252 magnifica'
1886 4142 2056 4254 Regum
2097 4144 2319 4254 Magsstas

645 4252 786 4335 facere
820 4254 1010 4340 decrevit
1038 4259 1223 4341 maxime
1242 4259 1299 4340 ad
1320 4259 1546 4342 utilitatem
1567 4259 1633 4342 sui
1653 4258 1797 4372 Regni
1818 4260 1947 4345 debet
1967 4289 2063 4347 esse
2081 4262 2257 4357 firmum,
2273 4269 2317 4346 et

643 4369 796 4455 stabile
831 4372 1049 4483 roburque
1085 4383 1292 4483 perpetue
1313 4375 1523 4459 firmitatis
1545 4377 1748 4462 obtinere.
1810 4379 1947 4490 Igitur
1966 4380 2057 4465 Nos
2077 4380 2318 4474 Kazimirus

645 4487 712 4570 dei
753 4492 901 4605 gracia
941 4490 1036 4577 Rex
1074 4490 1248 4578 Polonie
1284 4492 1445 4580 Notum
1481 4492 1659 4579 facimus
1696 4495 1905 4581 universis
1935 4506 2025 4582 tam
2044 4495 2315 4608 presentibus

747 4699 793 4803 (¹5
812 4678 1019 4805 Keplrouski
1034 4721 1215 4809 descripsit
1238 4746 1255 4791 e
1270 4723 1383 4790 tabula
1396 4690 1587 4794 authentica
1600 4676 1709 4794 hodie
1716 4729 1751 4793 in
1766 4726 1946 4795 {tabulario
1960 4728 2055 4798 urinis
2069 4729 2173 4809 Bisa,
2190 4732 2225 4794 in
2239 4727 2319 4798 Gal·

642 4800 719 4867 licis
732 4800 842 4900 diotae
857 4813 1038 4889 asservata,
1055 4816 1089 4872 et
1105 4807 1206 4881 docet
1221 4828 1285 4876 nos
1301 4808 1342 4875 de
1359 4809 1459 4878 villae
1473 4812 1645 4890 Rinarowa
1659 4813 1861 4882 mentionem
1874 4813 1945 4882 hae
1956 4836 2043 4884 esse.
2063 4814 2179 4882 Locus
2193 4812 2318 4899 villaet

517 4986 525 4991 ⁵
640 4893 756 4998 tenore
771 4888 878 4975 ipsius
891 4888 1027 4958 tabutas
1037 4902 1188 4977 apparet.
1399 4906 1405 4913 “
1711 4942 1715 4949 .
1748 4906 1757 4925 ·
2007 4928 2009 4933 -
2281 4938 2283 4943 ·
