5409 6309
1277 871 1641 946 '-852-·

674 1076 929 1168 absolvimus
961 1104 1012 1161 ac
1043 1076 1245 1186 perpetuo
1286 1073 1513 1157 liberamus
1548 1072 1769 1158 universos
1792 1082 1859 1156 ut
1881 1073 2070 1187 singulos
2109 1073 2327 1163 Scultetos

674 1196 942 1299 Ometho'nes
963 1195 1327 1298 molendinarum,
1351 1192 1541 1297 colonos,
1563 1202 1609 1275 et
1625 1190 1784 1276 incolas
1807 1192 2012 1276 dictarum
2033 1193 2222 1279 villarum
2243 1195 2328 1281 fer-

672 1316 791 1429 n‘ficij
815 1317 1018 1425 et‘allodij
1040 1315 1096 1398 ab
1119 1314 1311 1397 omnibus
1343 1322 1386 1394 et
1407 1311 1585 1422 singulis
1623 1311 1914 1429 exactionibus
1949 1315 2327 1424 expeditionalibus

674 1439 873 1522 videlicet
920 1433 1104 1517 Wor'eoue
1153 1434 1336 1544 angariis
1373 1432 1662 1540 praesagariis
1705 1430 1890 1515 collectis
1924 1433 2328 1536 contributionibus,

672 1554 902 1657 laboribus,
929 1556 1134 1637 servitute
1149 1549 1439 1661 juvaminibus
1460 1548 1751 1660 personalibus
1771 1550 1953 1634 realibus
1976 1564 2018 1635 et
2035 1552 2329 1661 pecuniabbus

673 1677 731 1760 Et
753 1675 1002 1787 generaliter
1033 1702 1060 1756 a
1080 1668 1271 1784 qualibet
1292 1696 1496 1778 equorum
1519 1680 1562 1750 et
1582 1698 1733 1752 canum
1756 1670 2006 1754 seruaticne.
2038 1671 2103 1757 Eo
2125 1674 2332 1757 duntaxat

677 1806 874 1904 excepto,
906 1790 1031 1892 Quod
1062 1790 1207 1874 rustici
1229 1790 1434 1872 dictarum
1456 1788 1650 1872 villarum
1673 1788 1724 1870 de
1747 1789 1941 1900 quolibet
1959 1818 2108 1876 manso
2128 1818 2327 1900 possesso

676 1942 804 1997 unam
825 1940 1064 1996 mensuram
1085 1936 1266 2012 avenae,
1297 1907 1531 1991 seeundum
1562 1935 1800 1990 mensuram
1820 1906 2015 1993 Civitatis
2036 1922 2206 1995 nostrae
2227 1910 2328 1994 Vie-

676 2034 861 2117 lunensis
882 2029 1058 2141 singulis
1090 2030 1229 2133 aunis,
1260 2036 1464 2138 perpetuo
1486 2026 1607 2111 nobis
1629 2038 1673 2110 et
1692 2026 2008 2111 suecessoribus
2029 2032 2182 2117 nostris
2203 2033 2247 2114 in
2268 2029 2332 2112 fe·

677 2164 743 2237 sto
766 2151 809 2237 S.
832 2151 999 2234 Martini
1031 2144 1191 2232 solvere
1224 2146 1489 2231 tenebuntur.
1540 2144 1705 2229 Damus
1725 2146 1897 2255 insuper
1918 2157 1961 2230 et
1981 2148 2184 2232 adicimus
2205 2178 2330 2261 prae·

677 2271 780 2354 fatis
797 2268 995 2354 fratribus
1017 2297 1068 2350 ac
1087 2269 1341 2350 monasterio
1363 2265 1594 2374 praedicto,
1617 2264 1732 2374 quod
1755 2263 1988 2373 (lepitana,
2004 2265 2034 2350 J
2037 2269 2194 2373 udices,
2218 2267 2346 2355 Sub·¹

635 2412 640 2417 “
678 2390 858 2495 iudices,
881 2386 1115 2491 Officiales,
1137 2384 1390 2491 Venatores,
1411 2385 1612 2494 Aucupes
1634 2414 1684 2469 ac
1706 2382 1942 2495 falconarij,
1971 2414 2052 2469 nec
2074 2416 2159 2472 non
2180 2415 2331 2497 procu·

677 2518 839 2594 ratores
874 2509 1006 2593 nostri
1037 2534 1086 2588 ac
1120 2532 1412 2589 suceessorum
1448 2516 1696 2588 nostrorum.
1750 2502 2005 2616 anterique
2041 2507 2333 2618 cuiuscunque

680 2656 764 2736 que
803 2637 939 2711 status
975 2624 1223 2710 conditionis
1245 2634 1289 2707 et
1307 2624 1660 2733 praeeminentiae
1683 2624 1893 2706 estiterInt
1912 2624 2102 2708 homines
2139 2629 2180 2710 in
2217 2627 2332 2709 dicto

677 2748 944 2848 monasterio,
963 2756 1006 2829 et
1018 2747 1060 2827 in
1078 2743 1198 2828 bonis
1220 2743 1352 2853 ipsius
1373 2753 1461 2825 tarn
1485 2742 1562 2844 die,
1585 2771 1715 2854 qnam
1738 2742 1789 2825 de
1811 2751 1949 2847 nocte,
1972 2744 2104 2855 absqe
2127 2748 2335 2829 dictorum

679 2864 854 2949 fratrum
884 2866 1101 2949 voluntate
1132 2873 1386 2974 pernoctare
1404 2863 1609 2972 hospitari
1632 2876 1674 2945 et
1696 2864 1925 2948 descensus
1946 2861 2104 2968 facere,
2134 2864 2334 2969 insieme,

679 2986 836 3070 iudicia
854 2984 1014 3088 facere,
1035 3010 1196 3094 poenus
1217 2983 1361 3067 tollere
1392 2991 1466 3064 aut
1497 2984 1666 3093 exigere
1696 3007 1781 3066 non
1800 2980 2022 3067 habebunt
2041 3011 2181 3096 neque
2204 2983 2335 3068 debe·

681 3112 767 3210 ant,
788 3134 868 3188 nec
889 3108 1173 3213 praesumant.
1226 3101 1421 3187 Similiter
1444 3110 1487 3184 et
1522 3129 1547 3181 a
1567 3103 1880 3212 receptionibus
1910 3128 2133 3211 equorum,
2170 3131 2335 3205 eanum,

679 3225 824 3310 evium
861 3236 904 3307 et
937 3224 1113 3309 aliorum
1150 3225 1514 3332 quorumcumque
1550 3222 1788 3306 animalium
1827 3223 1962 3304 dictos
1997 3220 2148 3306 fratres
2182 3222 2335 3309 liberos

683 3346 850 3428 omnino
872 3343 1178 3428 essevolumus
1200 3340 1416 3424 absolutos
1440 3350 1483 3422 et
1503 3351 1730 3449 exemptos,
1749 3343 2037 3426 Decernentes
2060 3344 2199 3447 edum,
2222 3343 2337 3452 quod

684 3463 890 3572 praedicti
910 3461 1073 3565 fratres,
1092 3469 1179 3542 tam
1200 3486 1276 3568 pro
1299 3459 1503 3568 aedificijs
1525 3471 1568 3543 et
1586 3460 1757 3571 ignibus
1778 3459 2042 3571 monasterij,
2058 3490 2187 3574 quam
2209 3466 2336 3546 etium

683 3582 878 3693 terrificij,
896 3582 1094 3667 Similiter
1117 3589 1159 3661 et
1177 3577 1339 3662 incolae
1380 3579 1570 3663 villarum
1591 3582 1903 3689 praedictarum
1923 3579 2106 3663 ferrificii
2128 3590 2172 3663 et
2190 3582 2334 3692 allodij

682 3730 759 3813 pro
781 3730 925 3787 eorum
946 3700 1201 3782 necessitate
1224 3697 1448 3782 dummodo
1471 3702 1512 3780 in
1533 3702 1710 3811 proprijs
1745 3701 1871 3813 lignis
1895 3698 2135 3804 defecerint,
2155 3701 2271 3813 ligno
2288 3703 2334 3783 in

684 3820 815 3932 sylvis
837 3820 990 3903 nostris
1013 3849 1063 3901 ac
1084 3818 1237 3921 bortis,
1268 3818 1345 3899 sed
1377 3816 1541 3925 absque
1574 3818 1728 3904 damno
1757 3818 2057 3904 mellificiorum
2085 3830 2333 3905 nostmrum.

684 3940 867 4022 Domum
886 3937 1058 4045 lapides
1088 3934 1209 4019 ferrei
1226 3937 1399 4019 scilieet
1434 3935 1559 4018 Rada
1578 3938 1634 4020 ad
1655 3939 1924 4023 conflandum
1944 3940 1985 4020 in
2006 3937 2337 4025 haereditatibus

685 4060 858 4162 nostris,
894 4057 1059 4164 absque
1097 4056 1340 4141 damnorum
1375 4055 1580 4160 illatione,
1617 4057 1672 4138 ad
1701 4085 1844 4143 eorum
1865 4055 2062 4142 terrificis
2099 4058 2337 4166 recipiendi,

683 4175 863 4262 liberam
883 4175 1104 4260 habebunt
1122 4175 1377 4262 facudtatem.
1428 4173 1585 4258 Actum
1614 4171 1824 4259 Crucovs'ae
1844 4181 1889 4260 in
1910 4178 1975 4261 die
1996 4179 2132 4261 sancti
2152 4177 2338 4262 Mathiac

688 4297 879 4409 Apostoli
900 4294 964 4380 Μο
985 4294 1124 4382 0009·
1139 4293 1241 4381 Χοο
1260 4296 1358 4382 111⁰.
1421 4295 1581 4379 Datum
1599 4323 1675 4405 per
1693 4323 1841 4378 manus
1864 4294 2124 4381 Venerabilis
2158 4289 2337 4382 &tlte

690 4416 938 4529 Ouncellarij
959 4425 1011 4499 et.
1024 4414 1250 4503 elementis
1272 4414 1612 4524 Vieecancellurij
1633 4413 1766 4499 Ablue
1788 4425 1970 4501 nostrae.
