5409 6309
1246 793 1636 868 ...5ο-

738 997 871 1108 pecijt
891 998 972 1081 sibi
992 989 1213 1102 privilegia
1235 1019 1262 1073 a
1280 949 1474 1099 predicto
1489 929 1660 1075 abbate
1678 991 1880 1099 exhiberj.
1919 965 2105 1104 cumque
2127 995 2210 1082 sibi
2232 999 2353 1084 exhi-

737 1114 829 1199 bita
849 1116 1040 1196 fuissent.
1075 1110 1119 1190 in
1151 1107 1361 1218 colloquio
1393 1109 1542 1192 habito
1563 1110 1606 1190 in
1630 1104 1822 1190 Graeceio
1853 1110 1957 1193 dixit
1972 1141 2024 1192 ea
2048 1142 2141 1196 esse
2162 1117 2283 1201 falsa.
2306 1130 2352 1203 et
2465 1156 2476 1166 =

737 1233 819 1314 hoe
839 1229 1019 1338 probare
1043 1254 1088 1307 se
1110 1227 1230 1309 velle.
1255 1254 1439 1335 cumque
1471 1218 1744 1337 postmodum
1765 1227 1809 1306 in
1829 1255 1949 1311 mora
1967 1229 2099 1342 longa
2121 1247 2263 1319 essent
2286 1235 2351 1348 (ἲ)
2470 1313 2477 1320 .

628 1426 645 1456 .
733 1345 958 1455 probandj.
986 1367 1075 1425 'nee
1107 1341 1163 1424 ab
1197 1341 1472 1426 infestacione
1502 1337 1615 1426 'dicti
1648 1342 1892 1450 Monasterij
1927 1357 1969 1428 et
2005 1350 2093 1430 eius
2130 1352 2347 1435 hominum

591 1559 595 1569 ¹
731 1463 874 1547 medio
895 1473 1086 1571 tempore
1120 1470 1320 1543 cessaret.
1342 1477 1427 1543 nos
1443 1462 1517 1571 qui
1535 1463 1689 1542 iniuste
1726 1464 1938 1569 oppressis
1975 1474 2117 1556 nostre
2154 1469 2383 1552 domina·¹

733 1582 845 1663 cioni
866 1579 1068 1663 subiectis
1092 1586 1135 1660 et
1153 1580 1358 1687 precipue
1378 1579 1478 1660 viris
1500 1578 1741 1688 Relligiosis
1773 1606 1882 1690 quos
1906 1583 2095 1690 ampliorj
2128 1589 2278 1694 gracia
2303 1595 2347 1669 et

733 1695 883 1781 favore
916 1698 1067 1785 merito
1089 1695 1427 1804 'complectimur
1447 1697 1489 1775 in
1511 1723 1590 1776 sua
1604 1696 1780 1802 justicia
1818 1698 1965 1778 deesse
2002 1726 2087 1781 non
2120 1701 2343 1788 debemus.

734 1843 814 1895 nec
835 1814 1028 1898 volumus
1052 1841 1104 1894 ex
1125 1809 1265 1896 officio
1288 1822 1446 1915 nost-rc,
1484 1815 1635 1894 eadem
1655 1811 1879 1922 privilegia
1911 1815 2087 1902 fecimus
2120 1818 2348 1930 diligenter

735 1932 976 2038 examinarj.
1015 1930 1171 2038 quibus
1205 1931 1455 2010 examinatis
1492 1931 1729 2012 invenimus
1769 1960 1821 2012 ea
1858 1959 1944 2013 non
1962 1934 2223 2028 [cancellata.
2261 1967 2345 2020 nee
2471 1943 2482 1954 “

736 2046 893 2140 abolita
912 2075 992 2142 nee
1015 2048 1058 2127 in
1080 2047 1224 2156 aliqua
1243 2057 1366 2154 parte
1389 2048 1454 2129 sui
1473 2049 1642 2129 viciata.
1683 2055 1846 2129 attento
1869 2076 1920 2130 eo
1943 2051 2046 2158 quia
2067 2055 2252 2136 maxima
2271 2083 2342 2135 ra·

733 2167 798 2247 cio
823 2174 898 2245 est.
922 2192 1008 2272 que
1027 2191 1104 2273 pro
1124 2164 1343 2272 relligione
1365 2162 1469 2245 facit
1489 2164 1618 2280 talem
1639 2193 1715 2271 pro
1732 2163 1989 2248 Monasterio
2006 2165 2343 2253 Andrzeouiensi
2458 2211 2466 2226 1

730 2307 859 2389 super
889 2281 1053 2362 hisdem
1085 2281 1317 2389 privilegijs
1355 2282 1526 2363 ferimus
1563 2284 1838 2367 sentenciam.
1874 2292 1922 2363 ut
1953 2289 2255 2368 monasterium
2289 2289 2343 2370 de

609 2416 613 2426 '
731 2397 950 2480 Andrzeow
974 2427 1070 2479 cum
1092 2398 1287 2482 omnibus
1309 2400 1416 2480 villis
1440 2400 1539 2479 suis.
1565 2409 1608 2480 et
1627 2401 1775 2482 incolis
1799 2401 2043 2481 earundem
2076 2402 2218 2484 liberis
2249 2405 2344 2487 sive

730 2516 877 2598 seruis.
897 2517 1089 2624 plenaria
1110 2515 1331 2625 gaudeant
1364 2514 1572 2600 libertate.
1614 2527 1663 2598 ut
1694 2546 1835 2626 neque
1871 2530 2052 2603 strosam.
2089 2549 2230 2629 neque
2263 2546 2341 2630 po-

727 2659 819 2720 rcos.
851 2662 992 2743 neque
1030 2633 1289 2716 solucionem
1319 2632 1450 2717 boum
1487 2633 1650 2716 solvere
1686 2643 1924 2716 teneantur.
1964 2663 2043 2716 nec
2070 2637 2131 2720 ‘ad
2150 2638 2341 2748 ⁸aliquod
2432 2661 2435 2664 ·
2473 2744 2476 2750 ¹

704 2746 705 2749 ‘
728 2738 914 2830 castrum
946 2750 1277 2833 construendum
1311 2751 1368 2832 ab
1400 2749 1612 2859 aliquibus
1647 2752 2003 2860 constringantur.
2025 2781 2105 2833 nec
2132 2754 2256 2857 alicui
2276 2757 2346 2834 in·

726 2871 877 2948 tersint
898 2869 1163 2975 expedicioni
1202 2895 1283 2948 nee
1307 2868 1361 2948 ab
1385 2868 1546 2977 aliquo·
1564 2868 1824 2949 iudicentur
1846 2877 2010 2948 tantum
2043 2897 2185 2951 coram
2216 2871 2344 2952 nobis

592 3003 597 3010 '
724 3012 801 3093 per
816 2985 959 3066 literas
982 3015 1079 3067 eum
1096 2982 1232 3094 sigillo
1254 2996 1398 3090 nostro
1431 2985 1566 3093 cittatj
1603 2986 1656 3066 de
1688 3014 1735 3066 se
1758 2984 2074 3094 querelantibus
2097 2986 2195 3097 (sie)
2217 2979 2338 3069 tene-

587 3111 608 3162 -'
727 3112 852 3182 antur
870 3106 1141 3209 respondere.
1166 3112 1209 3181 et
1231 3104 1344 3183 hanc
1367 3113 1555 3184 nostram
1578 3105 1844 3184 sentenciam
1864 3105 1926 3184 sic
1946 3119 2084 3184 ratam
2108 3114 2150 3184 et
2169 3105 2334 3185 firmam

723 3248 896 3302 manere
917 3215 1126 3302 dolumus.
1148 3227 1197 3298 ut
1217 3215 1411 3329 sepefata
1424 3218 1658 3328 privilegia
1672 3222 1723 3302 de
1738 3232 1880 3303 cetero
1895 3249 2080 3320 wneeesse
2101 3242 2187 3304 n'on
2203 3222 2339 3305 hahe-

725 3346 802 3417 ant
823 3335 1023 3444 exhiberj.
1057 3336 1214 3448 Testes
1236 3366 1337 3421 vero
1362 3339 1435 3447 qui
1455 3347 1673 3445 presentes
1710 3337 1880 3420 fuerunt
1898 3341 1941 3419 in
1956 3340 2342 3445 prolacion'ehuius

724 3454 943 3534 sentencie
978 3463 1079 3534 sunt
1114 3455 1211 3536 isti.¹
1242 3453 1376 3536 Fulco
1414 3454 1775 3564 Archiepiscopus
1814 3453 2087 3538 Gnesnonsis.
2119 3444 2338 3536 Pranddta

723 3570 964 3679 Episcopus
987 3570 1299 3654 cracoviensis
1340 3571 1541 3655 Clemens
1561 3572 1775 3679 palatinus
1809 3571 2121 3653 Cracoviensis.
2153 3570 2339 3658 Michael
2394 3593 2396 3595 ’

724 3687 996 3771 castellanus
1020 3677 1327 3772 Oracoviensis.
1353 3690 1499 3774 Sando
1520 3691 1735 3797 palatinus
1765 3687 2128 3772 Sandomiriensis.
2154 3687 2336 3797 Stepha-
2443 3691 2447 3709 '

595 3817 599 3830 ‘
669 3889 674 3894 ,
718 3831 803 3885 nus
817 3805 1467 3890 CastellanusSandomiriensis.
1485 3805 1676 3888 Abraam
1690 3805 1956 3888 Castellanus
1968 3802 2243 3894 Visliojensis.
2256 3802 2336 3888 Jo-

722 3945 854 4002 annes
878 3922 1145 4007 Castellanus
1170 3926 1224 4005 de
1247 3920 1385 4007 Cheico
1407 3921 1717 4036 (Oheehov?)-(
1737 3922 1768 4031 ).
1812 3919 1954 4001 Adam
1983 3922 2188 4028 pincerna
2221 3919 2332 4002 San·
2413 3982 2420 3993 .

722 4038 998 4123 domiriensis.
1031 4042 1223 4125 Thomas
1246 4040 1561 4123 Thezaurarius
1601 4039 1914 4124 Oracoviensis.
1956 4038 2156 4121 Nicolaus
2178 4038 2334 4146 palati·

648 4239 650 4244 ⁴
720 4157 877 4238 nusde
899 4156 1056 4242 Siraise
1074 4158 1142 4273 (ὃ)
1175 4161 1328 4245 Petrus
1362 4164 1511 4239 cantor
1533 4154 1594 4269 (l)
1615 4152 1850 4268 (venatori)
1868 4153 1928 4268 (⁰)
1963 4154 2331 4239 Sandomiriensis.

760 4323 806 4406 (⁴)
826 4324 987 4391 Fortasse
1002 4283 1210 4393 Castellanus
1224 4324 1265 4387 de
1280 4323 1447 4389 Ozechow
1462 4321 1637 4410 (oppidum
1663 4322 1764 4389 hodie
1792 4321 1954 4388 territorii
1977 4322 2236 4404 Stobnicensis),
2258 4345 2331 4387 nam

658 4405 823 4474 Joannem
851 4409 1076 4477 Castellanum
1105 4403 1390 4475 Ozechoriensem
1419 4407 1538 4472 eodem
1566 4410 1638 4474 fere
1665 4417 1815 4493 ternpore
1833 4407 1937 4473 suba
1956 4408 2040 4486 1252
2056 4430 2108 4490 ap.
2131 4406 2328 4472 Michaelem
2460 4401 2464 4422 “

630 4547 634 4554 .
658 4490 937 4558 Wissnievscium
953 4494 988 4574 (l.
1001 4516 1032 4574 c,
1048 4494 1135 4558 Hist.
1149 4491 1197 4555 lit
1208 4490 1294 4575 pols.
1310 4490 1351 4555 Τ.
1366 4490 1410 4573 ll,
1433 4492 1468 4555 in
1483 4492 1695 4578 privilegiis),
1710 4502 1832 4577 postea
1852 4514 1919 4640 apg
1929 4490 2224 4575 Gl'adyszevicium
2248 4477 2330 4574 (Zy-

530 4615 535 4622 -
658 4584 726 4640 wot
741 4576 1087 4662 Prandoty)‚denique
1103 4576 1137 4637 in
1153 4573 1806 4663 opere:‚,l'emietnikreligijnomoralny
1821 4576 1859 4640 T.
1920 4573 2200 4662 ‚paga229”etin
2215 4583 2333 4639 nostro
2422 4597 2437 4630 ο

657 4658 795 4740 Codice,
811 4660 963 4748 legimus.
983 4664 1074 4728 Ante
1090 4658 1113 4725 J
1115 4680 1254 4724 oannem
1269 4680 1321 4746 ap.
1338 4661 1501 4747 Gladysz·
1530 4683 1617 4727 anno
1634 4663 1729 4743 1243,
1752 4658 1952 4727 castellanus
1973 4657 2226 4725 czechoviensis
2239 4656 2330 4744 legi«
2395 4711 2401 4715 .

608 4799 617 4810 .
657 4751 710 4807 tur
726 4743 926 4828 Stephanus.
976 4757 980 4764 ’

763 4832 807 4906 (⁵)
828 4827 928 4893 Haud
943 4825 1043 4893 dubio
1054 4826 1118 4911 „de
1133 4823 1291 4910 Siradia”‚
1308 4828 1456 4895 Sieradz.
1546 4827 1558 4847 ⁹

537 4973 542 4986 ,
761 4913 809 4992 (ὃ)
828 4913 953 4992 Cantor,
972 4912 1056 4975 mala
1069 4912 1170 4978 lectio
1186 4912 1428 4998 Muczkovscii,
1454 4933 1528 4976 nam
1543 4910 1627 4978 Otto
1640 4910 1681 4977 de
1691 4908 1907 5008 Zdysaowiee
1919 4906 2011 5007 (Yffla
2023 4906 2184 5008 territorii
2195 4901 2336 4993 Op‘ocz·

649 4993 782 5076 ,nensis
805 4993 955 5080 regionis
970 5017 1054 5080 vere
1066 4996 1288 5078 reascensis,
1318 4995 1362 5061 ad
1391 4994 1549 5081 oppidum
1562 4986 1704 5063 brnen
1719 4994 1809 5076 sits),
1834 5003 1884 5059 uu
1900 5013 2022 5060 scimus
2038 5014 2079 5059 ex
2091 5001 2177 5062 actm
2190 4992 2334 5062 authen.-
