5409 6309
986 798 1323 911 '-ass-

29 1093 30 1120 ,
119 1115 125 1128 ,
211 1073 214 1078 ·
355 1047 513 1124 sunere
534 1037 696 1122 scilicet
713 1036 757 1120 in
775 1033 905 1121 fluuio
929 1028 1057 1119 Cerno
1077 1048 1122 1123 et
1137 1064 1266 1149 super
1288 1033 1594 1142 Smerdzaatew,
1614 1044 1757 1146 Psfltffl'
1784 1002 2040 1148 flupfaffic'·
2156 1057 2198 1157 ¹.

355 1168 446 1243 tum
465 1158 636 1244 Petrum
656 1168 699 1243 et
716 1155 848 1268 ipsius
869 1164 1060 1267 posteros
1079 1155 1293 1269 legitimos
1330 1154 1441 1269 (Nos
1456 1183 1556 1240 vero
1576 1157 1892 1266 prenominatus
1927 1155 1959 1242 J
1961 1184 2008 1244 o-

354 1276 517 1362 haunes
540 1278 592 1360 de
614 1276 793 1391 Sprowa
816 1273 1076 1385 Capitaueus
1098 1274 1472 1379 Sandomirieusis.
1501 1274 1671 1359 Petrum
1702 1275 2011 1379 molendinato-

223 1405 255 1464 -'
354 1421 444 1480 rem
465 1398 664 1508 cumanis
686 1395 1006 1480 successoribus
1026 1394 1239 1507 legitimis,
1273 1421 1355 1506 per
1379 1392 1626 1477 diffinitinas
1648 1397 1900 1502 sentencias,
1935 1423 2013 1482 no·
2036 1449 2044 1463 ·

354 1523 536 1601 atrorum
557 1512 838 1602 Scabinorum
856 1513 1227 1624 polaneciensium‚
1262 1540 1411 1601 rerum
1443 1540 1494 1595 ac
1523 1511 1638 1625 legit
1622 1515 1768 1597 timum
1804 1517 2011 1600 constitu-

327 1625 329 1628 *
355 1633 463 1717 imus
484 1661 773 1719 successorem
795 1660 847 1716 ac
868 1633 1079 1738 heredem,
1115 1662 1213 1717 cum
1233 1636 1320 1718 suis
1342 1634 1522 1742 posteris
1559 1633 1672 1715 natis
1695 1660 1747 1714 ac
1766 1635 2005 1740 nascendis,

308 1765 310 1770 ’
353 1754 656 1892 perpetualiter
674 1753 852 1857 habere,
873 1751 1068 1857 vendere,
1102 1753 1272 1858 donare,
1309 1760 1496 1838 commut
1497 1779 1581 1855 ars,
1618 1749 1857 1836 secundum
1893 1696 2011 1863 qued

353 1872 457 1983 ipsis
479 1873 641 1958 melius·
649 1883 695 1956 et
709 1861 854 1956 utilius
875 1869 1088 1955 videbitur
1110 1873 1322 1981 expedire.
1362 1869 1412 1953 In
1434 1871 1555 1954 cuius
1574 1868 1634 1979 rej
1658 1871 1947 1956 testimonium
1967 1881 2012 1955 et

355 1992 569 2076 meliorem
591 1992 853 2080 euidenciam
875 1988 1070 2101 Sigillum
1101 2000 1291 2075 nostrum
1324 1999 1368 2074 et
1400 1990 1586 2101 sigillum
1604 1990 1786 2130 predicti
1807 1988 1922 2101 opidi
1935 2014 2015 2104 po·

356 2104 487 2193 laneca
522 2120 622 2196 sunt
643 2109 845 2223 appensa.
891 2109 1048 2193 Actum
1083 2120 1125 2192 et
1146 2110 1324 2193 datum
1313 2138 1356 2192 ιιι
1377 2108 1571 2192 Polunecz
1590 2111 1782 2219 proxima
1801 2107 1906 2193 seria
1926 2118 2013 2193 ter·

355 2228 422 2312 cia
441 2239 541 2340 post
560 2230 716 2316 festum
739 2229 887 2317 Sancti
906 2227 1104 2312 francisci
1127 2226 1218 2314 Sub
1240 2255 1351 2313 anno
1374 2228 1533 2313 domini
1561 2227 1780 2314 Millesimo
1812 2230 2014 2339 quadrin-

354 2351 593 2459 gentesimo
641 2349 805 2434 decimo
843 2347 992 2460 quinto
1014 2347 1171 2436 (loram
1185 2348 1366 2435 testibus
1386 2348 1688 2459 prenominatis
1709 2357 1754 2434 et
1774 2348 1865 2501 aliis
1883 2375 2012 2461 quam

303 2574 313 2590 .
354 2467 543 2578 plurimis
564 2468 650 2554 fide
670 2469 823 2581 dignis.

1088 2816 1288 2947 exsto.
2000 2973 2004 2980 ι

237 3079 240 3084 “
455 3078 527 3159 ln
550 3075 710 3159 Nona
738 3072 976 3158 cauete
1000 3073 1269 3177 Kampsa
1295 3071 1605 3157 dicta-dte
1620 3070 1690 3159 12
1714 3074 1909 3183 Mearm

1016 3190 1150 3279 141²
1179 3213 1344 3278 anno

350 3412 546 3489 mdo
571 3410 654 3504 regis
683 3409 827 3486 ronnas
856 3408 1110 3485 vladislal
1140 3409 1431 3502 &aganonis
1460 3412 1538 3485 corti
1564 3411 1714 3505 privilegii
1741 3430 1761 3487 ι
1789 3414 1941 3485 Meua
1970 3412 2010 3488 ds

550 3554 558 3573 .
794 3514 882 3583 Cam
876 3516 956 3585 etna
969 3513 1055 3603 att,
1074 3515 1155 3608 qnod
1168 3517 1408 3608 assumpto
1421 3515 1567 3607 saritur

453 3703 506 3810 In
525 3721 692 3809 nomine
715 3721 873 3806 domini
892 3720 1044 3826 Amen.
1075 3721 1146 3807 Ad
1166 3736 1419 3838 perpetuam
1435 3726 1496 3807 rei
1511 3725 1755 3824 memoriam
1777 3721 1888 3826 Quia
1907 3733 2009 3810 tunc

350 3842 492 3928 multis
515 3869 702 3932 errorum
724 3849 768 3924 et
788 3839 1012 3926 dubiorum
1049 3844 1307 3927 occurrimus
1346 3843 1578 3955 dispendijs
1616 3844 1715 3927 dum
1736 3853 1863 3957 gesta
1883 3846 2009 3929 etatis

307 3979 316 3994 ‘
349 3974 492 4047 nostre
513 3961 745 4044 litterarum
767 3959 958 4070 apicibus
980 3969 1024 4043 et
1045 3960 1240 4046 Testium
1270 3962 1491 4074 fidedigna
1528 3964 1808 4049 annotacione
1826 3964 2012 4073 perhen-

351 4107 502 4165 namus
537 4078 719 4165 Proinde
746 4078 835 4164 Nos
855 4078 1117 4165 Wladislaus
1139 4082 1207 4165 dei
1230 4084 1378 4194 gracia
1398 4081 1493 4168 Rex
1511 4082 1683 4169 Polonie
1703 4083 1881 4169 Necnon
1902 4081 2010 4170 Ter·

349 4225 492 4284 rarum
513 4198 720 4286 Oraccuie
742 4195 1005 4284 Sandomirie
1028 4199 1192 4285 Siradie
1212 4201 1417 4286 Lancicie
1440 4198 1645 4313 Ouyawie
1671 4202 1872 4313 Princeps
1896 4201 2008 4312 Sup·
2118 4243 2123 4253 ·

321 4348 325 4356 ’
348 4343 519 4429 promus
539 4316 797 4402 Litthwanie
816 4318 1068 4403 Pomeranie
1084 4318 1331 4429 Russieque
1352 4319 1546 4406 dominus
1567 4330 1611 4406 et
1629 4322 1752 4406 heres
1776 4319 2004 4435 Significas
2163 4395 2165 4402 ,

347 4465 443 4521 mus
461 4446 604 4524 tenore
619 4436 885 4575 presencium
904 4436 1060 4547 quibus
1078 4437 1251 4548 expedit
1264 4439 1471 4530 uniuersis
1488 4449 1577 4524 tam
1592 4439 1862 4553 presentibus
1878 4467 2010 4555 quam

346 4553 498 4641 futuris
519 4555 784 4667 presencium
804 4555 1006 4640 noticiam
1026 4555 1235 4640 habituris
1257 4554 1483 4659 Quomodo
1505 4560 1651 4645 oblata
1665 4560 1788 4646 nobis
1803 4568 2005 4673 proparte

346 4674 564 4790 Magnifici
583 4672 801 4759 Michaelis
823 4673 874 4757 de
898 4668 1137 4787 Ctmeelyow
1159 4675 1390 4763 Castellani
1420 4677 1771 4766 Sandomiriensis
1792 4678 1847 4795 (¹)
1869 4679 2002 4765 nostri
2159 4781 2164 4793 ,

453 4910 495 4993 (¹)
516 4907 578 5063 Api.
568 4859 810 4978 ‚Nisrieccium
822 4907 983 5010 ‚Korona
995 4853 1144 4996 poleka&
1159 4909 1305 4980 Michael
1319 4910 1373 4978 hic
1388 4910 1429 4978 de
1444 4910 1609 4984 θήιιιίεἱοιι
1618 4913 1738 4984 haeres
1753 4923 1807 4986 est
1820 4914 1917 4986 villus
1937 4914 2004 4984 Bo·

345 4995 528 5086 minoas
567 4993 651 5068 'ctae
662 5004 696 5062 et
708 4992 950 5083 habetinsigne
965 4994 1054 5081 apud
1067 5006 1201 5066 nostros
1218 4996 1365 5068 Patara
1377 4996 1589 5088 appellatum.
