5409 6309
1372 801 1648 884 ..m-

699 1015 704 1024 ’
738 1019 837 1101 nani
862 1014 1040 1100 fonnem
1061 1008 1259 1121 redime
1295 1030 1426 1092 manu
1458 1003 1631 1121 propris
1661 1001 1897 1120 subscripsi
1933 1006 2067 1122 Signo
2099 1016 2144 1094 et
2168 1010 2343 1095 nominc

570 1155 580 1174 ³
744 1136 849 1218 meis
868 1132 1015 1218 solutis
1031 1140 1075 1212 et
1091 1128 1306 1238 consuetis
1342 1129 1635 1241 consignando
1670 1153 1757 1213 rns
1781 1151 1884 1212 cnm
1909 1127 2065 1240 prefati
2101 1128 2342 1216 Reuersmi

744 1254 875 1364 petris
890 1249 1094 1362 Episcopi
1108 1248 1407 1334 Oraconensis
1419 1251 1684 1359 appensione
1699 1241 1836 1362 Sigiili
1851 1258 1895 1331 et
1908 1248 1962 1331 ds
1977 1248 2180 1333 mandato
2196 1249 2341 1359 ipsine,

742 1395 799 1457 sc
821 1388 1035 1457 consensu
1055 1377 1098 1451 et
1117 1368 1337 1454 voluntate
1360 1367 1619 1452 dominorum
1639 1361 1891 1453 asianum
1916 1377 1959 1450 ct
1974 1392 2235 1453 assessorum
2248 1392 2342 1454 rne-
2369 1389 2385 1412 i

740 1501 1000 1578 matorum
1035 1479 1210 1598 nreciedi
1241 1496 1421 1598 rogetus
1458 1494 1502 1568 st
1529 1485 1761 1600 requisitus
1778 1489 1825 1571 in
1843 1478 1971 1572 fidens
1993 1496 2036 1571 et
2054 1489 2341 1573 testimoninm
2451 1575 2453 1580 Α

704 1677 717 1688 .
747 1612 932 1695 omnium
953 1623 996 1697 et
1015 1607 1274 1720 singrdcrnn
1293 1601 1605 1716 premissorum.
1760 1666 1763 1674 ,

1452 2065 1583 2193 CCV.

924 2328 1262 2425 musonius,
1293 2325 2108 2425 stollammimum.
2173 2379 2177 2386 ,

688 2506 982 2624 wensinus
1003 2545 1212 2636 sugens
1233 2564 1291 2620 nx
1310 2546 1451 2737 w
1461 2545 2113 2733 „ffiffl'pdmmm
2128 2545 2340 2643 msere

784 2859 838 2943 In
858 2859 1026 2944 nomine
1047 2856 1203 2943 domini
1224 2855 1375 2940 Amen.
1407 2854 1477 2940 Ad
1491 2865 1740 2967 perpetuam
1761 2856 1821 2941 rei
1835 2859 2082 2944 memoriam
2100 2855 2211 2945 ‘snm
2229 2851 2340 2943 inter

682 2979 868 3063 humane
888 2986 1036 3061 natine
1058 2976 1239 3063 comoda
1254 2974 1383 3059 nichil
1405 2975 1574 3087 dignius
1596 2973 1797 3062 memoria
1828 2971 2040 3064 habeatur
2061 2988 2341 3090 opportunum

684 3097 825 3182 existit
844 3104 892 3183 vt
910 3095 1043 3181 Actus
1064 3095 1281 3181 hominum
1299 3096 1513 3180 literarum
1543 3093 1736 3206 apicibus
1772 3105 1816 3180 et
1849 3095 2023 3182 testium
2059 3097 2341 3184 annotacione

682 3215 993 3330 perhennentur
1011 3215 1054 3300 N
1056 3243 1079 3298 e
1097 3212 1222 3327 lapsu
1241 3215 1441 3324 temporis
1477 3224 1736 3299 euanesoant
1765 3211 1945 3302 Proinde
1973 3213 2061 3303 Nos
2080 3209 2342 3305 Wlad’rslaus

655 3416 665 3435 ,
684 3336 899 3447 deigracia
918 3335 1011 3421 Rex
1029 3333 1204 3419 Polonie
1223 3359 1389 3419 necnon
1410 3332 1639 3418 Terrarum
1660 3333 1870 3421 Oracouie
1888 3333 2157 3423 ‘sandomir‘ie
2176 3335 2342 3423 ¹Sirsdie

680 3454 880 3541 Lancicie
903 3449 1093 3564 Onysuie
1112 3454 1452 3565 Lythwanieque
1472 3452 1675 3565 Princeps
1692 3451 1954 3566 Suppremus
1968 3451 2215 3542 Pomersnie
2229 3451 2343 3543 Rus·

683 3576 831 3684 sieque
850 3574 1058 3661 Dominus
1080 3583 1125 3657 et
1142 3575 1280 3660 Heres
1298 3581 1380 3656 etc.
1414 3570 1714 3684 significamus
1729 3582 1877 3660 tenore
1896 3573 2163 3685 presencium
2183 3569 2339 3687 quibus

683 3693 852 3803 expedit
868 3690 1076 3780 vniuersis
1095 3690 1361 3802 presentibus
1384 3699 1426 3773 et
1445 3689 1594 3776 firturis
1614 3691 1879 3804 presencium
1899 3693 2100 3780 noticiam
2120 3689 2339 3780 habituris.

683 3811 753 3895 Ad
772 3820 914 3896 nostre
934 3810 1170 3921 Maiestatis
1190 3811 1454 3922 presenciam
1471 3812 1681 3897 accedens
1696 3809 1915 3925 Religiosa
1930 3825 1975 3897 et
1989 3810 2217 3901 deodicata
2226 3809 2341 3899 Msr·

683 3930 864 4043 garetha
881 3928 1119 4014 Abbatissa
1137 3928 1382 4038 Monosterij
1406 3929 1460 4012 de
1481 3927 1714 4044 Staoyotblcj
1744 3932 1900 4019 ordinis
1933 3929 2082 4019 Sancti
2111 3925 2336 4018 'Benedicti

683 4048 835 4161 optulit
854 4047 952 4163 (sic)
973 4050 1180 4162 quotdsm
1201 4047 1300 4164 (sic)
1320 4047 1592 4160 Priuilegium
1621 4050 1755 4163 Regis
1789 4047 1992 4138 Lodiwici
2029 4047 2341 4165 predecessoris

683 4170 815 4257 nostri
833 4193 919 4253 non
937 4169 1139 4253 viciatum
1158 4197 1244 4256 non
1263 4177 1510 4278 suspectum
1533 4172 1644 4252 omni
1664 4170 1773 4257 vicio
1796 4180 1840 4254 et
1860 4174 2102 4284 suspicione
2122 4183 2350 4284 carentem,

681 4299 830 4402 petens
852 4288 997 4373 humili
1026 4286 1260 4397 debitaque
1287 4314 1462 4398 precum
1489 4288 1700 4392 instancia
1736 4300 1946 4401 quatenus
1978 4293 2037 4377 de
2069 4289 2340 4406 benignitate

684 4420 829 4495 nostra
847 4407 989 4521 Regia
1007 4408 1110 4494 illud
1140 4406 1367 4492 Ratificare
1404 4405 1654 4494 Gratificare
1689 4406 1912 4521 Aprobsre
1940 4407 2038 4528 (sic)
2067 4422 2111 4495 et
2128 4405 2342 4499 Innouare
2507 4462 2517 4478 ·

683 4528 953 4641 dignaremur
973 4527 1106 4616 Ordus
1126 4538 1248 4615 tenor
1271 4527 1324 4612 de
1343 4526 1477 4618 verbo
1497 4527 1554 4613 sd
1574 4523 1752 4616 verbum
1768 4528 1965 4643 seqnitun
1979 4539 2024 4618 et
2044 4540 2110 4618 es't
2127 4531 2236 4619 talis.

788 4780 827 4858 (¹.)
851 4777 1029 4866 siswiiski
1053 4779 1239 4868 descripsit.
1277 4779 1407 4848 Tabula
1431 4744 1679 4849 membrsnsces
1708 4782 1945 4866 Stsnisteensis
1973 4783 2163 4851 monasterii
2186 4781 2338 4873 propris.

684 4853 845 4930 Tscniois
858 4863 992 4930 sericos.
1008 4856 1160 4950 Sigiflum
1174 4861 1496 4951 majesuiicumoum
1502 4861 1687 4953 insignibus
1703 4878 1827 4957 septem
1843 4879 2012 4955 terrarum,
2021 4868 2080 4939 ssd
2089 4889 2159 4938 ‘non
2168 4875 2290 4953 totana
2304 4869 2339 4935 in

684 4949 824 5035 abrupta
839 4957 933 5035 psrte
948 4949 1108 5035 ejusdem,
1123 4949 1416 5037 insignis'duarum
1431 4962 1592 5019 terrsrum
1612 4962 1719 5026 erant.
