5409 6309
1350 757 1634 829 ...252-

650 964 830 1065 nicensi,
848 959 1059 1045 Stanislao
1077 958 1394 1077 Malogostensi.
1417 956 1604 1041 Zauisza
1626 952 1905 1039 Sardessos..
1920 942 2190 1043 Castelianir.
2213 963 2325 1046 Hor-

610 1104 616 1117 ‘
649 1109 804 1163 manno
818 1076 1078 1163 Cancellario
1093 1072 1367 1183 Ouyauiensi.
1394 1087 1437 1160 et
1455 1078 1734 1173 Procuratore
1757 1076 1947 1185 generali
1964 1086 2205 1161 nostrarum
2216 1080 2327 1163 Tor-

649 1226 802 1280 rarum.
825 1195 1032 1279 videlicst.
1057 1193 1383 1278 'Cracouiensis
1407 1205 1451 1276 et
1470 1192 1836 1279 Sandomiriensis.
1865 1192 2058 1276 Andrea'
2073 1194 2324 1287 SubGame=

461 1372 465 1384 ·
649 1318 771 1397 rario.
789 1314 915 1397 Petro
933 1314 1141 1395 Tribuno.
1161 1309 1533 1396 Cracouiensibus,
1554 1312 1612 1394 Et
1631 1308 1721 1417 alijs
1743 1310 1884 1391 multis
1905 1310 2146 1423 fidedignis,
2161 1313 2324 1397 Datum

468 1508 473 1517 .
646 1459 725 1541 por
746 1458 897 1513 manus
920 1431 1076 1539 dominj
1101 1429 1280 1538 Sbignej
1304 1432 1436 1539 nostrj
1459 1428 1711 1535 Cancellarij
1733 1426 2044 1512 Cracouiensis.
2104 1476 2105 1479 κ
2174 1532 2179 1541 1

1393 1863 1606 1980 exim,
1674 1976 1678 1981 ,

1020 2116 1441 2203 cracoviae-S
1459 2117 1624 2203 danii
1639 2112 1773 2203 1352
1792 2074 1958 2201 (ωηο.
2104 2196 2106 2201 s

652 2310 1197 2415 maerensmaerens
1218 2352 1314 2406 uxore
1335 2351 1404 2420 aaa
1425 2336 1570 2424 rotoma
1590 2333 1706 2405 liniter
1725 2314 1805 2405 inter
1826 2332 1934 2405 ntra
1955 2350 2044 2405 rum
2067 2332 2188 2401 Soanta
2210 2286 2326 2409 mnu!

922 2436 1075 2529 villasque
1088 2437 1267 2523 Baczyezyn
1283 2436 1317 2504 et
1331 2436 1445 2525 Rybna
1460 2434 1637 2506 monaterii
1652 2434 1835 2521 Taenaris,
1848 2432 1973 2505 roborat
1989 2436 2041 2517 (¹).
2135 2520 2138 2526 „

662 2650 665 2657 ’
755 2647 804 2727 ln
826 2644 994 2725 nomine
1016 2640 1186 2722 Domini
1209 2640 1360 2723 Amen.
1395 2634 1541 2729 ,Omni
1579 2637 1815 2720 calumniae
1846 2639 1916 2719 via
1945 2639 2246 2746 praecluditur,
2278 2638 2321 2721 id
2359 2630 2363 2637 ’

651 2761 768 2871 quod
789 2760 935 2868 scripti
956 2758 1194 2861 testimonio
1215 2756 1451 2843 roboratur.
1491 2746 1629 2866 Igitur
1649 2757 1843 2841 noverint
1862 2764 2109 2863 praesentes
2132 2766 2174 2838 et
2193 2754 2321 2838 futuri

651 2874 852 2991 praesens
885 2874 1087 2983 seriptum
1122 2874 1373 2982 inspecturi,
1410 2871 1536 2970 Quod
1557 2874 1646 2956 Nos
1669 2871 1862 2953 Andreas
1885 2873 1981 2961 olim
2004 2872 2197 2984 Gregorij
2218 2873 2322 2955 hae·

651 2993 762 3093 redis
787 2995 838 3076 de
863 2989 1072 3073 Sorovior'a
1088 2990 1184 3105 (sie)
1207 2993 1391 3075 vitantes
1414 2991 1647 3074 discordias
1669 2988 1746 3070 sed
1767 2992 1980 3072 orationes
2004 2989 2254 3073 affectantes
2278 3001 2322 3071 et
2382 3028 2388 3033 ·

539 3200 540 3211 Ν
654 3114 781 3193 etiam
815 3111 997 3193 ratione
1016 3106 1393 3211 confraternitatis,
1430 3136 1560 3219 quam
1596 3106 1805 3188 habemus
1842 3134 1929 3188 una
1959 3135 2056 3189 cum
2077 3108 2324 3193 charissima

609 3230 613 3233 ’
652 3231 835 3338 coniuge
872 3235 1017 3310 nostra
1052 3222 1222 3335 Agnete
1257 3220 1376 3332 apud
1410 3220 1616 3307 Dominos
1639 3234 1682 3304 et
1700 3216 1882 3305 Fratres'
1899 3223 2147 3333 Monasterij
2179 3226 2323 3332 Tyne-
2440 3302 2449 3315 ,

653 3345 792 3426 censis
812 3344 1083 3426 limitationes
1106 3343 1295 3449 gaduum
1317 3342 1417 3453 (sic)
1454 3339 1630 3425 fecimus
1666 3343 1775 3422 inter
1805 3341 2113 3425 haereditatem
2135 3351 2322 3426 nostram

652 3456 815 3547 dictam·
848 3460 1040 3543 Sosnlrom
1062 3470 1105 3540 et
1125 3460 1313 3569 ipsorum
1349 3458 1655 3545 haereditatem
1696 3456 1931 3568 Boczyozpn
1962 3488 2059 3543 oum
2080 3456 2323 3545 Venerabili

650 3584 693 3662 in
716 3578 885 3667 Christo
907 3574 1239 3681 Patre'Domino
1261 3570 1430 3658 ‹loanne
1452 3576 1625 3659 Abbate
1647 3575 1892 3685 Monastery
1912 3576 2178 3687 Tynecensis
2198 3603 2323 3689 prae·

652 3699 773 3798 dicti,
811 3692 980 3777 Ordinis
1014 3692 1105 3776 Soti
1125 3689 1350 3776 Benedicti
1375 3705 1417 3775 et
1438 3722 1514 3779 suo
1552 3694 1779 3779 Conventa
1796 3693 1862 3795 ,de
1892 3694 2008 3778 bona
2043 3695 2260 3780 voluntate
2283 3702 2324 3781 et

652 3812 957 3894 deliberatione
977 3811 1037 3891 ita
1060 3811 1175 3918 quod
1200 3810 1339 3893 dictae
1363 3810 1530 3915 Gades,
1563 3840 1674 3920 quae
1705 3837 1898 3920 pronuno
1926 3812 2036 3895 inter
2069 3800 2259 3897 Soonlmm
2280 3820 2324 3893 et

654 3928 890 4039 Boorycayn
919 3926 1122 4027 limitatae
1154 3939 1270 4031 sunt,
1306 3922 1499 4011 et'etiam
1532 3926 1677 4014 Gades
1708 3930 1818 4011 inter
1847 3928 2032 4039 Rybnom
2054 3940 2100 4013 et
2118 3920 2321 4029 Soantorrr,

569 4116 574 4124 .
652 4074 765 4158 quae
785 4046 870 4129 iam
890 4047 1020 4155 longo
1052 4055 1241 4153 tempore
1268 4055 1373 4155 ⁴sunt
1400 4047 1605 4128 limitatae
1639 4055 1682 4128 et
1700 4044 1880 4161 pacifice
1902 4056 1946 4129 et
1967 4049 2110 4161 quiete
2133 4076 2184 4131 ex
2204 4057 2321 4131 utra·
2384 4036 2399 4137 ¹,

650 4188 736 4277 que
754 4171 879 4272 parte
899 4180 1138 4271 possessae,
1162 4163 1323 4245 debent
1340 4165 1385 4244 in
1406 4164 1558 4246 eadem
1591 4162 1838 4247 limitatione
1873 4162 2090 4274 perpetuis
2120 4164 2321 4277 tempori·
2368 4220 2372 4227 -

393 4338 399 4353 «
542 4389 544 4394 .
648 4282 731 4375 bus
750 4309 1013 4394 permanere,
1035 4280 1095 4363 ita
1116 4290 1260 4362 tamen
1281 4281 1408 4369 etiarn
1432 4283 1549 4389 quod
1572 4280 1705 4385 absit,
1726 4285 1762 4366 si
1784 4310 1872 4399 qua
1891 4309 2012 4392 pars,
2032 4293 2121 4366 tam
2141 4308 2219 4366 nos
2241 4307 2318 4364 seu

648 4402 796 4485 nostri.
818 4397 1097 4487 Successores
1117 4398 1335 4510 legitimi,
1358 4424 1508 4505 ,quam
1549 4402 1676 4485 etiam
1709 4399 1913 4511 praedicti
1941 4401 2150 4486 Dominus
2170 4396 2322 4485 Abbas

650 4517 889 4625 Tynoerrsis
922 4540 1020 4597 oum
1051 4542 1130 4603 suo
1161 4513 1408 4620 Conventa,
1444 4519 1514 4602 vel
1533 4542 1800 4626 possessores
1819 4518 1998 4629 legitimi
2017 4518 2205 4601 eiusdem
2226 4515 2321 4600 Mo-

627 4643 820 4742 'nastery
839 4634 1080 4742 praedictas
1104 4630 1247 4718 Gades
1267 4634 1313 4715 in
1333 4636 1589 4745 supradietis
1610 4636 1965 4743 haereditatibus,
1995 4634 2193 4723 videlicet
2211 4630 2319 4721 inter

752 4866 795 4947 (¹)
818 4810 1009 4949 Descripsit
1022 4862 1227 4948 Lepkowski
1239 4886 1283 4973 ex
1298 4866 1441 4951 quodam
1464 4867 1659 4937 Gallicimi
1674 4866 1863 4935 Tabulatis.
