5409 6309
1290 811 1376 865 ,-
1433 772 1610 853 trr-

634 979 828 1067 dominus
865 974 1087 1065 Geraldus.
1138 969 1290 1056 Abbas
1323 970 1479 1059 domus
1515 971 1853 1057 Andrzeowt'ensr’s
1884 972 1929 1056 in
1957 984 2105 1061 nostra
2135 990 2303 1075 nostro·

631 1126 812 1210 rumque
831 1096 1045 1178 Beronum
1065 1092 1287 1202 presencia
1306 1089 1457 1174 fixisset
1478 1092 1746 1175 constitutus.
1768 1092 1981 1176 humiliter
1997 1105 2041 1176 et
2056 1096 2211 1181 devote
2225 1116 2318 1182 nos·

422 1230 431 1255 .
502 1256 505 1261 .
632 1217 794 1327 petivit,
816 1223 864 1296 ut
882 1209 1154 1321 privilegium
1176 1210 1326 1293 domus
1345 1219 1576 1297 memorate
1597 1237 1726 1319 super
1756 1210 2016 1321 quibusdam
2035 1211 2305 1299 libertatibus

635 1343 677 1415 et
695 1328 1031 1416 immanitatibus
1069 1356 1096 1410 a
1115 1325 1238 1411 nobis
1270 1327 1491 1411 obtentum
1521 1339 1665 1413 nostro
1697 1330 1873 1439 antiqno
1904 1329 2042 1440 sigilio
2063 1334 2304 1444 consigna·

632 1461 735 1533 tum.
758 1447 839 1532 sub
861 1448 1122 1560 appensione
1136 1443 1234 1561 (sio)
1252 1448 1384 1529 nostri
1405 1446 1598 1531 moderni
1618 1445 1742 1556 sigillj
1764 1448 1808 1529 in
1826 1449 2119 1557 remissionem
2140 1461 2306 1535 nostro-

631 1597 724 1653 rum
745 1570 1027 1676 peeaminum.
1068 1574 1301 1674 nostreque
1342 1563 1490 1648 salutis
1513 1562 1568 1649 ob
1590 1574 1835 1674 respectum
1855 1565 2047 1675 innovarj
2078 1569 2314 1650 mandare--

634 1716 741 1771 mus.
804 1683 937 1769 Cuius
968 1682 1177 1795 privilegij
1209 1679 1341 1766 verbo
1365 1681 1621 1768 adverbum
1651 1709 1782 1771 sensu
1801 1683 2052 1781 adsensum
2071 1695 2192 1773 tenor
2214 1695 2308 1773 erat

844 1918 894 2003 ln
917 1920 1086 2002 nomine
1122 1918 1279 2002 domini
1315 1948 1453 2004 amen.
1514 1920 1603 2005 Nos
1638 1916 1899 2003 Wladislaus
1938 1921 2005 2002 dei
2036 1924 2196 2030 gracia.
2219 1922 2305 2006 dux

742 2039 1033 2125 Oraooviensis
1071 2035 1439 2122 Sandomiriensis.
1478 2037 1745 2123 Siradiensis.
1780 2037 2086 2121 Lanciciensis.
2131 2040 2309 2125 Ouiavis

740 2168 786 2242 et
819 2156 1083 2257 Pomerania
1142 2154 1305 2241 Notum
1340 2152 1520 2241 facimus
1557 2165 1646 2237 tam
1680 2155 1948 2267 presentibus
1977 2181 2112 2267 quam
2143 2157 2307 2240 futuris.

639 2340 645 2345 .
744 2273 856 2375 Quia
876 2302 977 2359 eum
996 2282 1317 2392 sacrosanctum
1338 2274 1530 2357 ordinem
1551 2273 1879 2358 (bisterciensem
1903 2274 2140 2358 devocione
2168 2278 2308 2358 sinos-

626 2408 632 2423 '
738 2391 1041 2506 tassimabnel)
1065 2401 1108 2476 et
1129 2384 1302 2475 affeetu
1323 2390 1562 2505 fratresque
1582 2393 1714 2500 ipsius
1730 2394 1915 2475 emtores
1929 2392 2043 2476 viros
2054 2386 2310 2505 Reliigiosos

648 2588 651 2597 ,
690 2544 692 2549 ·
742 2508 1088 2624 prosequamur*
1099 2509 1317 2594 favoribus
1338 2510 1560 2621 graciosis.
1583 2538 1681 2592 cum
1711 2510 1777 2592 his
1799 2508 1990 2619 cenobijs
2012 2521 2176 2594 etcum
2194 2512 2310 2621 ipso·
2375 2538 2382 2551 “

741 2658 836 2715 rum
865 2626 1066 2713 fratribus
1088 2630 1142 2710 de
1163 2626 1382 2710 Arrdrzeow
1400 2629 1452 2709 de
1477 2628 1685 2711 Vonoluoa.
1701 2627 1803 2740 (sic)
1826 2626 1883 2741 (θ)
1904 2630 1958 2710 de
1976 2624 2220 2740 Coprzirontt
2241 2628 2308 2741 (³).

747 2757 789 2831 et
810 2747 863 2828 de
896 2743 1071 2829 Czirzicz.
1095 2742 1150 2857 (⁴)
1184 2742 1239 2829 ob
1259 2746 1494 2829 remedium
1514 2756 1754 2829 nostrorum
1774 2746 2045 2856 pecaminum
2068 2756 2110 2829 et
2129 2748 2308 2830 salutem

746 2865 936 2977 graciam
965 2861 1147 2947 facimus
1178 2862 1423 2972 specialem.
1456 2862 1608 2947 dantes
1629 2864 1690 2945 eis
1710 2862 1887 2947 liberam
1910 2874 1954 2945 et
1973 2874 2223 2972 perpetuam
2244 2861 2309 2946 fa-

515 3058 520 3067 .
636 3038 639 3043 »
745 2982 947 3065 cultatem
967 2983 1132 3064 locatas
1153 3006 1229 3065 seu
1245 2980 1454 3093 locandas
1475 2984 1565 3064 iure
1587 3008 1673 3093 quo
1693 2980 1902 3065 voluerint
1931 2983 2201 3119 Tlputonieo
2225 2980 2310 3065 -vil-
2405 3050 2408 3056 ,

742 3099 825 3205 las,
848 3100 1073 3212 grangias,
1096 3107 1141 3180 et
1162 3098 1334 3203 allodia,
1366 3126 1541 3185 nemora
1570 3125 1650 3181 nec
1671 3126 1757 3183 non
1776 3102 1904 3186 silvas
1923 3101 1983 3183 ad
2003 3128 2098 3209 rpsa
2128 3096 2319 3185 cenobia.
2428 3154 2435 3165 ·

743 3219 1017 3328 pertinentes.
1053 3217 1124 3300 vel
1152 3218 1190 3301 si
1210 3219 1320 3327 q'uas
1355 3219 1652 3327 possessiones
1688 3219 1733 3298 in
1767 3226 1986 3328 posterum
2023 3216 2310 3331 acquisierint.

743 3335 932 3447 ponendi
967 3361 1045 3416 seu
1077 3332 1248 3442 locandj
1269 3335 1497 3453 ineisdem
1532 3336 1725 3419 homines
1762 3338 2067 3448 cuiuscumque
2101 3334 2200 3450 (sic)
2234 3334 2312 3421 lin·

746 3453 872 3565 gwaij
894 3451 962 3534 vel
982 3452 1184 3534 nacionis.
1223 3478 1331 3562 quos
1368 3452 1507 3537 nullus
1543 3451 1758 3536 tenebitur
1786 3454 1993 3563 judicare.
2029 3456 2111 3536 nisi
2142 3453 2311 3537 sculteti

745 3598 890 3656 eorum
921 3577 997 3650 aut
1027 3569 1184 3653 domini
1213 3570 1419 3678 ipsorum·
1435 3571 1537 3652 dicti
1564 3570 1729 3654 fratres.
1760 3574 1841 3654 nisi
1873 3564 2195 3687 querelantibus
2216 3597 2313 3681 pre·

746 3689 864 3773 missi
893 3686 1045 3770 fratres
1066 3694 1109 3768 et
1128 3685 1301 3796 scultetj
1321 3686 1367 3770 in
1385 3687 1604 3774 reddenda
1639 3699 1783 3773 essent
1809 3688 1988 3799 justicia
2025 3689 2310 3802 negligentes.
2444 3746 2450 3755 ·

748 3817 853 3888 tunc
874 3831 947 3891 eos
967 3804 1097 3889 literis
1119 3812 1263 3889 nostro
1296 3804 1445 3917 Sigillo
1475 3809 1741 3921 consignatis
1761 3835 1846 3893 non
1867 3835 1944 3921 per
1965 3807 2151 3921 aliquem
2171 3826 2313 3923 came

642 4044 775 4120 tuteque
790 4044 909 4102 nostra
923 4036 969 4102 lie
996 4036 1036 4102 ia.
1050 4061 1093 4124 ap
1120 4037 1251 4106 rebare.
1277 4034 1506 4106 ratificarmt
1519 4036 1717 4105 confirmare
1742 4037 1966 4127 (ligaremur.
2005 4038 2154 4125 erarnm
2181 4036 2313 4124 quidem

641 4120 812 4211 literarum
824 4131 959 4189 tenores
971 4059 1018 4189 be
1035 4062 1139 4191 verbo
1154 4123 1197 4191 ad
1211 4122 1347 4191 verbum
1362 4126 1441 4189 sunt
1452 4122 1520 4191 isti.
1554 4122 1592 4193 ln
1628 4124 1720 4190 rimis
1735 4146 1817 4189 vero
1833 4122 2003 4195 literarum
2019 4122 2189 4211 Wndishj
2204 4122 2313 4193 duca.

748 4203 879 4291 (Postea
896 4208 1099 4295 privilepium
1119 4221 1258 4276 secantem
1279 4233 1308 4276 n.
1325 4210 1413 4275 1308
1434 4207 1497 4275 alin
1517 4147 1687 4299 privilegio
1716 4207 1877 4277 Vbdnlri
1891 4210 2009 4278 aaa
2023 4235 2053 4276 a.
2069 4211 2152 4276 1318
2167 4214 2313 4285 asnaa

497 4282 505 4291 ’
559 4326 565 4333 ·
643 4292 781 4379 aequitiae
798 4300 955 4380 utsupra,
972 4290 1518 4379 deniquetabnlaBolcslaiPadici,
1637 4295 1792 4358 edidimus
1798 4292 2111 4384 jamauatant
2206 4324 2208 4327 ’
2311 4322 2316 4332 ’

746 4373 789 4459 (¹)
820 4374 968 4459 chtoel
979 4375 1057 4443 urbs
1070 4385 1178 4445 terrae
1193 4377 1296 4445 idest
1310 4374 1510 4464 palatinatus
1524 4416 1527 4422 ·
1550 4375 1821 4460 andomiriensis,
1836 4377 1938 4445 hodie
1952 4377 1988 4443 in
2002 4374 2214 4445 territorioO
2259 4386 2313 4442 to-

643 4458 798 4525 viensiet
814 4481 849 4523 re
875 4459 950 4527 ione
981 4458 1166 4529 Soieeensi.
1202 4461 1318 4531 Inhao
1334 4460 1416 4529 urbe
1436 4461 1673 4531 monasterium
1695 4459 1933 4533 Cisteroiensis
1962 4461 2089 4531 ordinis
2118 4462 2186 4533 sG
2272 4482 2316 4533 se

645 4540 823 4611 stemmatis
875 4542 945 4631 ryff
957 4569 984 4611 a.
1000 4546 1083 4613 nte
1099 4546 1278 4615 fundatum.
1823 4554 1836 4577 ⁰
2289 4606 2292 4619 .

746 4629 790 4713 (³)
812 4628 1050 4728 Koprzpwnico,
1078 4628 1155 4699 urbs
1172 4632 1249 4699 olim
1277 4640 1386 4699 terrae
1403 4636 1436 4695 et
1451 4626 1550 4697 bodie
1567 4628 1729 4699 territorii
1753 4628 2051 4709 marisam,
2066 4627 2103 4699 re
2131 4629 2139 4645 ⁹
2165 4630 2217 4699 nir
2232 4651 2315 4696 vero

643 4710 900 4794 Staszoviensrs,
915 4714 1150 4782 monasterium
1166 4712 1394 4783 cisterciensis
1410 4712 1538 4781 ordinis
1551 4712 1760 4801 temporibus
1769 4708 1926 4785 Cnsimiti
1936 4714 1978 4781 ll.
2008 4714 2100 4783 «lusti
2128 4714 2295 4785 nudatum.
2398 4786 2401 4793 ,

641 4877 739 4967 hujus
761 4794 867 4947 ⁸035
883 4794 965 4863 urbe
982 4797 1143 4897 Stezynyc
1155 4798 1249 4893 leges
1263 4799 1515 4866 annotationem
1544 4799 1676 4867 tertiam
1705 4794 1836 4873 nbula
1851 4799 1895 4869 ,d
1908 4796 1961 4867 Ns,
1971 4796 2094 4875 xxm
2112 4799 2316 4888 prmum
