5409 6309
1278 809 1669 935 ¹-3or-

708 1074 897 1160 formam.
929 1068 1104 1171 Harum,
1128 1064 1285 1173 quibus
1320 1064 1363 1146 in
1397 1064 1695 1175 testimonium,
1731 1069 1877 1145 nostra
1910 1055 2178 1171 presentibus
2217 1059 2358 1173 sigilla

708 1202 808 1277 sunt
827 1214 1029 1298 appensa.
1060 1187 1222 1269 Datum
1253 1180 1500 1265 Sondomira'e
1535 1179 1640 1264 feria
1674 1179 1808 1263 tercia
1842 1180 2032 1291 proxima
2071 1187 2169 1289 post
2202 1176 2356 1264 festum

706 1308 945 1422 Epiphanie
969 1306 1137 1408 domini,
1159 1329 1269 1386 anno
1291 1301 1476 1385 eiusdem
1507 1300 1724 1406 millesimo
1761 1299 2176 1412 quadringentesimo
2196 1299 2359 1382 tricesi-

409 1447 415 1452 ’
526 1457 555 1528 ἢ
706 1456 788 1514 mo.
819 1423 1091 1513 Presentibus
1112 1423 1193 1534 hijs
1216 1421 1405 1505 dominis:
1453 1418 1660 1508 Grottone
1696 1418 1750 1501 de
1788 1415 1967 1531 Slapczo,
2004 1414 2267 1528 Goworkone
2303 1419 2357 1501 de

709 1544 957 1633 Cbrodrzoni.
988 1542 1168 1627 Derslao
1200 1542 1251 1623 de
1272 1538 1493 1650 Lopotlano,
1529 1537 1725 1623 Johanne
1763 1539 1816 1632 de
1848 1536 2073 1642 Jonoaioze,
2108 1534 2282 1620 Andrea
2304 1538 2358 1621 de

706 1666 875 1770 ibidem,
896 1662 1133 1747 Laurencio
1158 1662 1211 1743 de
1235 1657 1492 1773 Spiyneuioze
1514 1656 1613 1769 (sic)
1633 1656 1859 1743 heredibus
1897 1665 1941 1739 et
1976 1657 2066 1767 alijs
2100 1654 2243 1741 multis
2271 1653 2356 1739 fide

707 1785 860 1896 dignis.

1478 2150 1589 2269 ool.
1676 2213 1679 2218 >

810 2410 1179 2516 opacatae·
1192 2409 1243 2492 d.
1264 2406 1336 2534 ¹15
1360 2406 1559 2490 menois
1582 2401 1906 2489 Daemones
1918 2402 2070 2493 1430
2087 2426 2252 2491 anno.

704 2636 840 2709 [illuto
865 2631 1050 2707 numanis
1073 2629 1166 2705 vilra
1192 2621 1316 2699 Zoana
1341 2626 1683 2812 '‘tinuimud?
1699 2626 1908 2708 Bmzineai,
1930 2644 1983 2718 per
1995 2625 2131 2700 belm
2144 2625 2305 2698 Anam
2318 2629 2357 2703 dt

1431 2742 1601 2820 bacaoany
1663 2778 1671 2797 .
1918 2762 1922 2768 ⁴

804 2942 895 3027 Nos
917 2939 948 3025 J
950 2941 1139 3026 ohannes
1157 2939 1210 3022 de
1228 2937 1403 3049 Sprowa
1417 2936 1552 3047 judex
1573 2946 1617 3021 et
1636 2933 1854 3034 Zauissius
1882 2938 1932 3020 de
1956 2931 2234 3022 Oleschnicza
2253 2938 2355 3023 sub·

701 3061 829 3147 iudex
849 3069 959 3144 terre
982 3057 1347 3145 Samdomiriensis
1366 3058 1600 3170 generales.
1634 3055 1933 3171 significamus
1955 3066 2045 3141 tam
2079 3057 2357 3167 presentibus,

701 3209 831 3295 quam
852 3178 1014 3284 futuris,
1036 3177 1192 3292 quibus
1215 3179 1394 3291 expedit,
1414 3180 1679 3288 presencium
1701 3206 1775 3288 per
1795 3187 1997 3261 tenorem.
2036 3173 2260 3278 Quomodo
2281 3206 2358 3264 no-

699 3300 794 3385 bilis
816 3299 1012 3384 Andreas
1034 3298 1089 3379 de
1111 3295 1364 3381 Strootoczin
1384 3297 1504 3381 heres
1525 3323 1655 3383 sanus
1676 3305 1815 3379 mente
1836 3298 1994 3409 pariter
2012 3305 2054 3381 et
2073 3323 2249 3407 corpore
2271 3299 2356 3382 exi-

703 3428 834 3526 stens,
855 3445 942 3504 non
963 3416 1215 3528 compulsus,
1236 3443 1321 3500 non
1342 3425 1633 3528 coactus,vnec
1650 3417 1792 3528 aliquo
1816 3444 1953 3501 errore
1968 3418 2182 3522 seductus,
2204 3416 2282 3501 sed
2303 3417 2355 3500 de

698 3535 813 3624 bona
834 3539 1050 3624 voluntate
1072 3563 1152 3619 sua
1172 3532 1319 3618 ffretus
1341 3536 1439 3650 (sic)
1462 3538 1596 3620 eciam
1618 3534 1773 3618 salubri
1795 3535 1966 3622 oonsilio
1998 3563 2167 3622 suorum
2197 3538 2354 3621 amico-

699 3685 794 3740 rum
815 3658 871 3741 ad
892 3666 1080 3741 nostram
1099 3656 1628 3766 presenciamaccedendo
1648 3655 1924 3765 personaliter
1958 3656 2219 3767 recognocit,
2250 3685 2354 3740 ven-

701 3776 861 3858 didisse
876 3775 1015 3860 villam
1040 3773 1195 3856 dictam
1218 3771 1384 3883 Zirna'lcy
1405 3801 1501 3855 cum
1523 3775 1636 3859 omni
1650 3776 1746 3884 jure
1768 3783 1810 3855 et
1832 3775 2029 3881 dominio,
2047 3803 2142 3857 cnm
2159 3774 2352 3859 omnibus

700 3902 743 3975 et
763 3891 942 4005 singulis
964 3890 1226 3995 utilitatibus,
1247 3890 1467 3993 fructibus,
1490 3892 1702 3996 censibus,
1724 3894 1851 4004 agris,
1872 3896 2052 4004 campis,
2081 3896 2225 4004 pratis,
2253 3921 2357 4005 pas·

699 4000 952 4115 cuis,'siluis,
972 4010 1120 4115 borris,
1141 4009 1371 4121 mellificijs,
1393 4012 1572 4113 maricis,
1595 4014 1716 4124 gaijs,
1746 4010 1919 4113 rubetis,
1941 4014 2126 4123 piscinis,
2154 4013 2355 4124 piscarijs,

698 4130 851 4239 fluuijs,
871 4131 993 4236 riwis,
1015 4132 1138 4243 aquis
1162 4139 1368 4214 eteorum
1395 4130 1643 4216 decursibus
1666 4161 1717 4242 ac
1739 4133 1977 4242 attinencijs
2013 4134 2232 4237 uniuersis,
2270 4147 2353 4242 que

698 4278 812 4332 nnnc
833 4260 945 4356 sunt,
968 4250 1071 4333 etin
1093 4262 1308 4360 posterum
1338 4248 1431 4333 fieri
1451 4259 1642 4360 possunt,
1674 4260 1799 4361 prout
1836 4251 1951 4360 dicta
1985 4250 2235 4364 hereditatis
2256 4249 2355 4366 (sic)

696 4369 740 4451 in
760 4372 848 4453 suis
871 4370 1018 4483 signis,
1040 4370 1162 4453 metis
1185 4378 1228 4453 et
1246 4357 1477 4474 limittibus,
1510 4371 1653 4483 longe,
1682 4372 1857 4483 lateque
1887 4399 1938 4454 ac
1959 4369 2354 4460 circumferenciali·

697 4498 761 4569 ter
782 4500 848 4573 est
864 4489 1063 4573 distincta
1080 4489 1136 4573 ab
1159 4488 1251 4599 alijs
1273 4488 1579 4573 hereditatibus
1602 4500 1646 4573 ot
1664 4491 1854 4594 limitata,
1886 4490 2015 4575 veluti
2049 4490 2166 4576 solus
2201 4489 2354 4577 habuit

699 4615 743 4687 et
761 4608 961 4715 possedit,
981 4608 1112 4692 nichil
1129 4611 1173 4691 in
1194 4610 1341 4692 eadem
1364 4610 1600 4694 hereditate
1620 4637 1697 4719 pro
1718 4637 1763 4692 se
1785 4618 1829 4695 et
1848 4637 1925 4720 pro
1946 4610 2032 4693 suis
2053 4610 2233 4720 posteris
2244 4611 2351 4721 juris

802 4841 840 4919 (¹)
863 4839 917 4906 Ex
947 4841 996 4906 ori
1021 4843 1028 4858 ‘
1054 4841 1098 4906 ali
1119 4840 1231 4907 tabula
1259 4843 1292 4908 in
1319 4841 1466 4909 Archino
1497 4840 1642 4929 Capituli
1670 4842 1940 4912 Vladislaviensis
1968 4852 2152 4924 asservato,
2178 4844 2352 4933 descripsit
2508 4869 2514 4877 ·

696 4922 972 4992 Muozlrowskiet
1037 4926 1247 5011 yszczewski.
1281 4929 1358 4994 Duo
1374 4927 1600 5014 sig-illectant.
1636 4928 1744 4996 Hodie
1759 4939 1885 4998 restant
1905 4938 2030 4996 tantum
2051 4929 2212 4998 taeniolae
2227 4952 2348 5018 parga-

697 5030 819 5076 menae.
837 5009 932 5078 Conf.
949 5010 1094 5078 tabulam
1108 5009 1193 5079 hanc
1216 5033 1290 5079 cnm
1304 5035 1451 5099 proxrme
1466 5013 1695 5100 praecedente.
2039 5049 2041 5053 >
