5409 6309
1380 752 1635 823 ...wr-

669 959 810 1044 tenaoi
848 958 1046 1042 memorie
1086 951 1339 1063 imprimere,
1363 978 1449 1063 que
1466 949 1546 1059 pia'
1562 952 1872 1038 deliberacione
1911 945 2164 1089 principum>
2193 956 2340 1067 dispo-r

668 1085 834 1180 nuntur,
854 1105 908 1156 ne
929 1097 1133 1182 processu
1151 1073 1393 1177 temporist
1376 1068 1667 1154 thabescentis
1704 1099 1731 1153 a
1750 1071 1952 1154 memoria
1992 1071 2212 1158 bominum
2234 1104 2337 1168 eras·

668 1203 856 1278 nescant.
876 1189 1076 1274 Notum
1098 1189 1152 1270 sit
1171 1188 1301 1297 igitur
1321 1186 1534 1270 universis
1550 1188 1820 1297 presentibus
1843 1197 1887 1271 et
1905 1188 2059 1274 futuris
2078 1190 2192 1284 hanc
2211 1196 2338 1305 pagi·

667 1342 765 1396 nam
785 1310 1054 1418 inspecturis,
1075 1306 1193 1417 quod
1212 1332 1289 1388 nos
1310 1285 1541 1388 Boleslaus
1562 1307 1630 1389 dei
1652 1308 1799 1426 gracia
1821 1308 1907 1389 dux
1929 1306 2139 1396 dracone
2161 1320 2203 1393 ct
2224 1309 2340 1396 San-1

668 1429 961 1532 domitianus
982 1454 1079 1509 cum
1105 1433 1260 1507 nostra
1297 1423 1547 1506 charissima
1582 1435 1716 1506 matre
1754 1424 1924 1508 domina
1962 1426 2216 1514 Crimislaua
2230 1429 2338 1541 (sic)

572 1559 576 1566 '
668 1550 840 1632 ducissa
855 1557 1067 1628 terrarum
1089 1542 1334 1645 earundem,
1351 1569 1529 1653 magno
1525 1540 1690 1645 fauore,
1707 1539 1869 1624 affectu
1883 1553 1929 1625 et
1944 1544 2176 1629 devocione
2197 1550 2338 1636 eccle-

667 1669 775 1750 siam
796 1666 935 1747 sancti
955 1662 1176 1757 saluatoris
1198 1659 1447 1743 Monasteril
1468 1659 1521 1740 de
1544 1657 1824 1772 Soerincr'o()
1861 1663 2018 1745 ordinis
2049 1678 2337 1772 premonstra-

667 1786 806 1888 censis
826 1784 897 1892 pie
919 1777 962 1861 et
980 1780 1198 1862 sinceriter
1217 1787 1537 1887 prosequentes,
1575 1805 1702 1888 quem
1725 1776 1824 1891 (sic)
1854 1782 1987 1866 nostri
2007 1781 2339 1889 predecessores

666 1903 878 2012 principes
920 1899 1127 1983 Oracovie
1168 1894 1457 1983 fimdauerunt
1472 1923 1551 2004 pro
1573 1903 1745 1981 suorum
1780 1898 1966 1982 remedio
1997 1908 2272 2007 peccatorum
2287 1914 2338 1992 ct

494 2013 496 2016 ’
548 2029 552 2034 ’
667 2011 976 2102 hereditatibus
1019 2016 1288 2098 dotauerunt.
1340 2013 1430 2097 Nos
1453 2015 1589 2096 eciam
1609 2041 1687 2124 pro
1708 2024 1855 2098 nostra
1874 2026 1919 2097 et
1937 2024 2177 2104 nostrorum
2197 2021 2337 2110 salute

665 2147 900 2248 parentum,
926 2136 1062 2217 eidem
1081 2131 1339 2244 Monasterio
1361 2134 1687 2216 misericorditer
1717 2134 2002 2269 providentes,
2034 2135 2334 2230 confirmamus
2421 2230 2427 2237 ,

667 2281 814 2339 omnes
845 2254 1117 2351 hereditates,
1158 2232 1390 2349 libertates,
1434 2250 1787 2335 donacioneset
1775 2255 2080 2354 immunitates,
2098 2282 2196 2340 cum
2218 2260 2331 2342 omni
2411 2283 2415 2290 ·

660 2373 758 2483 jure
795 2371 948 2475 ducali,
989 2369 1191 2453 formast
1211 2369 1460 2452 condicione
1500 2369 1586 2472 tali,
1618 2370 1738 2482 quod
1756 2376 1996 2478 prepositus
2019 2395 2118 2453 cum
2139 2377 2336 2464 omnibus

666 2491 908 2574 hominibus
929 2517 982 2570 ac
1000 2488 1148 2571 incolis
1169 2488 1360 2590 villarum
1382 2487 1439 2577 ad
1459 2487 1690 2570 claustrum
1714 2490 1766 2570 de
1785 2485 2011 2572 Sverrncc‘u
2012 2491 2335 2602 pertinentibus,
2364 2553 2367 2559 -

667 2636 810 2693 coram
830 2609 945 2692 nullo
964 2597 1205 2710 castellanc,
1246 2581 1434 2714 palatino
1457 2617 1533 2688 aut
1553 2608 1634 2689 alio
1656 2602 1820 2689 Judice'
1834 2606 1977 2720 aliquo
1999 2635 2244 2717 comparere
2265 2621 2332 2698 tc·

666 2736 845 2810 neantur
878 2729 969 2808 siue
984 2724 1253 2848 respondere
1272 2752 1350 2833 pro
1373 2724 1661 2861 qualicunque
1682 2751 1827 2807 causa
1881 2723 1969 2810 Sed
1989 2755 2122 2836 quum
2140 2755 2219 2835 per
2238 2730 2332 2814 lite-
2415 2828 2420 2838 ‚

666 2872 757 2928 ram
794 2872 892 2926 cum
922 2843 1065 2954 sigillo
1101 2851 1246 2926 nostro
1270 2852 1313 2924 et
1331 2843 1475 2926 minist
1457 2844 1650 2926 terialem
1686 2853 1876 2930 nostrum
1898 2842 2053 2927 fuerint
2036 2845 2204 2949 coitari,
2224 2856 2329 2932 tunc

659 2962 793 3072 judex
813 2971 959 3047 noster
980 2963 1036 3044 ad
1057 2963 1287 3046 claustrum
1324 2961 1592 3044 descendens
1613 2989 1710 3044 cum
1731 2963 1946 3072 preposito
1983 2989 2138 3046 causas
2160 2964 2332 3073 quales·

667 3109 835 3192 cunque
865 3078 1075 3164 iudicabit
1094 3090 1138 3161 et
1157 3105 1293 3189 penas
1315 3105 1461 3162 omnes
1476 3079 1701 3187 judiciales
1722 3083 1976 3190 prepositus.
1994 3105 2120 3190 super
2141 3081 2333 3190 homines
2422 3105 2427 3116 ·

595 3243 599 3246 ὴ
666 3195 765 3283 suos
800 3200 987 3308 recipiet,
1023 3200 1134 3302 nullo
1157 3198 1238 3281 alio
1252 3197 1400 3308 judice
1420 3197 1562 3306 ipsum
1581 3200 1853 3305 impediente.
1915 3199 2117 3282 Facimus
2158 3200 2332 3311 insuper

638 3325 811 3401 'omnes
853 3317 1013 3400 incolas
1050 3317 1258 3418 villarum,
1294 3343 1475 3426 quarum
1506 3317 1678 3401 nomina
1699 3317 2037 3430 subsequuntur,
2060 3318 2115 3401 ab
2138 3321 2332 3403 omnibus

667 3434 971 3535 exactionibus,
1009 3460 1093 3545 que
1114 3435 1325 3545 wlgariter
1347 3431 1473 3514 Stans
1482 3446 1660 3538 ,atroam
1676 3462 1819 3546 porros,
1846 3437 2021 3546 prenod,
2054 3435 2158 3535 curs,
2196 3439 2352 3539 vacca,

666 3552 778 3635 botri
793 3561 1093 3661 nuncupantur
1129 3573 1232 3636 eum
1265 3552 1380 3634 omni
1413 3553 1660 3666 posteritate
1696 3579 1774 3637 sua
1792 3553 1946 3637 liberos
1981 3559 2189 3661 perpetuo
2213 3556 2285 3636 et
2273 3584 2331 3637 un

665 3698 827 3754 munes.
869 3671 1076 3753 Soerinciu
1097 3697 1194 3752 cum
1214 3670 1402 3774 tabernis
1436 3671 1551 3779 apud
1574 3655 1858 3783 Oslrr'pcroedm
1880 3680 1924 3752 et
1942 3669 2139 3772 lcrecooelr,
2176 3671 2332 3755 Dambc

667 3816 764 3871 cum
785 3790 918 3898 pratis
940 3798 984 3871 et
1004 3788 1198 3873 omnibus
1219 3767 1484 3873 utilitatibus.
1523 3787 1709 3899 Neqrbea
1727 3789 1907 3872 taberna
1926 3816 2012 3869 cun
2033 3790 2148 3898 agris
2172 3800 2215 3872 ct
2232 3817 2332 3899 pra

665 3907 740 4012 tis,
760 3907 937 3990 Rudaua
957 3937 1058 3991 cum
1076 3908 1313 3992 molendino
1337 3918 1381 3989 et
1399 3907 1599 4011 tabernis,
1621 3904 1740 3989 [λιιι
1757 3935 1854 3989 cum
1874 3903 2117 3991 hominibus
2139 3910 2331 4020 ascripti-

507 4037 511 4040 ’
547 4116 551 4120 ,
614 4007 617 4020 ’
665 4023 762 4132 cijs,
799 4022 1000 4130 Olseuociu
1032 4018 1390 4132 cumphominibus
1414 4024 1683 4138 ascripticijs,
1700 4015 1922 4138 'Roqoznril
1957 4053 2055 4108 cum
2090 4023 2331 4111 hominibus

665 4141 947 4255 ascripticijs,
979 4142 1203 4228 Modlaicr'u
1223 4175 1322 4232 cum
1342 4143 1584 4243 hominibus
1620 4144 1896 4257 ascripticijs,
1929 4142 2070 4226 Br'br'ce
2094 4152 2138 4225 et
2159 4145 2331 4230 Mescoro

588 4439 593 4442 .
766 4379 809 4460 (²)
830 4375 1043 4467 Zwierzyrrica
1059 4377 1232 4461 Srerirreia,
1248 4377 1440 4444 suburbium
1454 4375 1648 4445 Cracoriac.
1670 4375 1856 4444 Ecclesiam
1875 4377 1915 4443 S·
1929 4375 2113 4448 salvareris
2133 4378 2204 4460 jam
2219 4375 2331 4444 seculo

663 4483 707 4548 Χ.
725 4504 746 4547 a
760 4479 995 4573 SgAdalberto
1007 4478 1227 4562 aedificatam,
1241 4489 1427 4566 posteaque
1440 4499 1528 4545 ‘vern
1540 4501 1561 4544 a
1573 4479 1676 4546 Petro
1693 4479 1829 4544 Dunino
1843 4469 2058 4546 restauratam
2074 4498 2160 4560 asse,
2178 4477 2334 4554 ‚tradunt
2393 4557 2398 4566 .

662 4582 759 4653 Anno
779 4584 868 4647 1181.
895 4582 980 4649 Jaxa
995 4582 1176 4647 stemmatis
1190 4580 1294 4667 Gryff
1302 4581 1343 4646 de
1358 4582 1549 4648 Micchovia
1566 4604 1670 4667 penes
1685 4580 1860 4647 ecclesiam
1874 4580 2110 4646 monasterinm
2139 4580 2330 4646 deodicata·

661 4706 734 4748 ram
762 4684 928 4769 virginum
957 4681 1118 4748 condidit.
1157 4682 1270 4765 (Cous.
1286 4682 1666 4769 Starozytnal'olskal,
1680 4686 1734 4765 59,
1750 4694 1785 4749 et
1798 4661 1971 4765 Pamistka
1997 4682 2199 4750 zKrakowa
2212 4683 2332 4750 szefa

661 4783 938 4870 Macayr'rskisgo,
961 4785 1129 4862 tN2-28)
1166 4781 1273 4848 Villae
1302 4795 1503 4850 memoratae
1533 4786 1567 4850 in
1596 4782 1774 4872 privilegio
1803 4786 1874 4852 lere
1905 4807 2019 4852 omncs
2031 4785 2205 4886 proximae
2220 4805 2332 4852 mons·

660 4886 764 4956 sterio
781 4894 868 4953 sunt
