5409 6309
1069 828 1347 912 -mq

385 1046 425 1133 Ε
452 1044 585 1157 iscopi
606 1047 901 1135 Oracouiensis
920 1047 1061 1163 Regni
1080 1049 1251 1137 Polonie
1274 1048 1499 1163 Suppremi
1520 1050 1769 1165 Cancellurij
1795 1062 1842 1139 ct·
1855 1082 2035 1142 uenera-

385 1075 480 1251 bile
499 1167 656 1277 Donijn
678 1169 829 1252 decani
849 1169 1145 1257 Oracouieneis
1166 1170 1308 1294 Regni
1339 1171 1529 1264 eiusdem
1556 1172 1888 1285 noroensellerij
1910 1175 2034 1262 nobis

384 1287 547 1370 sincere
569 1286 827 1373 dilectorum.

488 1402 662 1492 Relnoio
684 1407 870 1491 eiusdem
893 1408 1048 1493 domini
1071 1407 1214 1519 donijn
1235 1407 1388 1491 decani
1409 1406 1708 1496 Oracouiensis
1737 1408 1879 1525 Regni
1910 1412 2035 1500 Polo

385 1523 454 1609 nio
473 1525 817 1634 vicecancellurij.

1108 1847 1301 2020 uxor.

612 2101 1168 2196 sauromatae-ure
1190 2046 1239 2190 a
1253 2103 1449 2197 motu
1471 2104 1626 2201 reao
1643 2125 1813 2200 anm..

383 2340 675 2422 vladislaus
696 2342 763 2416 lux
784 2341 924 2420 runnu
937 2340 1030 2424 rutili
1039 2339 1490 2527 gpuiffiuffieppaaie
1509 2341 1578 2426 lucr
1598 2345 1691 2426 rute
1705 2345 1740 2428 et
1752 2301 1849 2422 uun
1869 2342 1910 2426 er
1937 2344 2035 2428 loom

1110 2462 1141 2518 n
1342 2445 1350 2484 ¹
1369 2490 1378 2510 .

480 2653 532 2750 In
551 2654 719 2752 nomine
741 2653 898 2746 domini
912 2679 1054 2736 amen.
1085 2650 1156 2737 Ad
1175 2638 1424 2772 perpetuam
1445 2652 1508 2758 rei
1521 2653 1776 2760 memoriam.
1800 2651 1910 2742 cum
1925 2655 2033 2742 inter

381 2773 565 2868 humane
584 2782 732 2856 nature
754 2771 933 2858 comoda
954 2771 1082 2856 nichil
1102 2771 1271 2884 dignius
1292 2772 1495 2856 memoria
1523 2763 1742 2879 habeatur,
1778 2783 2032 2883 oportunum

378 2892 530 2997 existit,
551 2902 601 2976 ut
621 2900 740 2984 actus
762 2891 978 2976 hominum
998 2890 1214 2975 literarum
1251 2889 1443 2999 apicibus
1474 2898 1518 2972 et
1547 2891 1717 2974 testium
1752 2893 2032 2980 annotacione

376 3011 701 3126 perhennentur3
722 3038 777 3093 ne
797 3010 923 3121 lapsu
942 3011 1143 3119 temporis
1167 3018 1436 3096 euanesoant.
1475 3009 1657 3093 Proinde
1676 3035 1754 3093 nos
1776 3010 2032 3098 Wladislaus

378 3125 446 3216 dei
468 3130 614 3244 gracia
633 3129 726 3214 Rex
745 3129 929 3230 Polonie‚
951 3156 1031 3210 nec
1052 3157 1138 3214 non
1159 3137 1362 3214 terrarum
1392 3127 1612 3232 Oracouie,
1650 3124 1927 3233 Sandomirie,
1949 3128 2031 3242 Sy·

376 3241 506 3351 radic,
527 3247 739 3350 Laneioie,
761 3245 969 3357 Ouyauie,
990 3237 1329 3358 Lythwanieque
1349 3248 1554 3357 Princeps
1576 3274 1809 3357 supremus,
1829 3245 2031 3333 Pomoru-

376 3367 456 3471 nie‚
476 3366 713 3479 Russieque
736 3367 928 3451 dominus
962 3377 1004 3450 et
1024 3367 1148 3451 heres
1165 3377 1245 3451 eto.
1269 3366 1569 3479 significamus
1591 3373 1737 3451 tenore
1753 3368 2031 3490 presencium,

377 3486 532 3602 quibus
553 3485 724 3596 expedit
742 3485 947 3570 universis
968 3486 1235 3600 presentibus
1273 3495 1316 3569 et
1336 3484 1501 3592 futuris,
1535 3485 1800 3595 presencium
1827 3486 2028 3574 noticiam

376 3603 593 3698 habituris.
606 3601 830 3706 Quomodo
843 3607 1059 3720 cupientes
1081 3607 1271 3691 locorum
1291 3615 1508 3690 vastorum
1528 3605 1669 3724 Regni
1689 3607 1821 3690 nostri
1841 3606 2030 3691 solitudi-

375 3753 450 3818 nes
471 3728 514 3819 in
533 3754 635 3809 usus
655 3723 869 3818 uberiores
887 3735 930 3807 et
944 3726 987 3807 in
1000 3725 1187 3809 debitam
1203 3752 1398 3838 agrorum
1417 3724 1624 3816 cultrnam
1634 3725 1847 3832 reducere,
1864 3734 1907 3807 et
1920 3724 2033 3816 fruc·

376 3856 445 3932 nn
465 3846 656 3938 thezauri
675 3843 806 3929 nostri
826 3843 1002 3928 feliciter
1023 3846 1252 3956 adaugere²
1275 3849 1534 3955 ut'tempore
1554 3843 1686 3928 nostri
1707 3841 1839 3926 felicis
1859 3845 2032 3955 regimi-

377 3965 441 4046 nis
463 3965 642 4073 umplius
664 3963 827 4054 dilatari
847 3964 1000 4068 ualeat,
1023 3973 1067 4048 et
1087 3965 1302 4049 hominum
1340 3957 1655 4048 conuocacione
1684 3959 1823 4045 felicia
1842 3966 2029 4074 recipere

377 4083 657 4188 incrementa,
699 4091 859 4166 attente
895 4085 1048 4166 mentis
1078 4084 1233 4166 intuitu
1263 4083 1576 4194 perpendentes
1612 4092 1734 4195 grate
1775 4090 1817 4164 et
1851 4082 2031 4166 multum

378 4209 553 4311 accepte
574 4201 790 4286 fidelitatis
813 4201 1002 4287 studiosa
1025 4202 1251 4311 obsequia,
1273 4202 1429 4314 quibus
1450 4202 1614 4287 Nobilis
1643 4198 1807 4284 Zolclr'cu
1828 4199 1874 4282 de
1897 4197 2031 4283 Secre-

277 4379 283 4396 .
378 4320 583 4416 currowr‘ce
606 4320 903 4406 Cubiculariue
924 4331 1068 4405 noster
1083 4320 1216 4407 fidelis
1239 4321 1433 4405 dilectus.
1457 4322 1626 4406 culmini
1656 4330 1800 4412 nostro
1833 4316 2030 4429 multipli-

483 4556 521 4638 (¹)
544 4555 597 4621 Ex
613 4554 765 4703 orip'iuali
780 4554 893 4620 tabula
914 4553 1126 4621 illustrissimi
1152 4553 1324 4638 Eustachii
1348 4556 1522 4643 Marylscii
1559 4553 1703 4642 propria,
1734 4572 1832 4638 quam
1856 4550 2029 4619 nobiscum

379 4641 631 4709 communicavit
656 4641 666 4706 i
692 4638 892 4707 ustrissimus
906 4637 1099 4704 Ludouious
1115 4637 1247 4706 Gdrski.

480 4723 711 4814 Apographon
735 4734 884 4797 nostrum
911 4723 1085 4823 descripsit
1111 4725 1276 4796 Antonius
1302 4724 1544 4791 Mnczkowslri.
1579 4721 1737 4824 Sigillum
1756 4722 1875 4802 minus,
1906 4720 1958 4788 effi
1985 4720 2031 4790 'ss

378 4835 455 4880 vero
471 4814 541 4877 e'us
556 4814 590 4877 iu
608 4833 707 4898 opere
723 4808 951 4875 collectionem
963 4811 1085 4896 junum
1100 4819 1133 4874 et
1147 4808 1257 4895 legum
1271 4809 1319 4875 M.
1331 4810 1374 4876 D.
1396 4809 1591 4876 Lithuaniae
1615 4832 1649 4873 rn
1676 4832 1710 4874 sc
1736 4807 1923 4880 continente
1939 4829 1957 4873 e
1987 4805 2028 4872 ab

376 4897 467 4964 illust
498 4896 595 4964 ssimo
610 4908 643 4962 et
658 4894 848 4962 doctissimo
865 4892 984 4960 comite
1000 4894 1301 4981 TitoDzialyrlscio
1316 4893 1716 4972 Knrnioensi‚Posnanlae
1733 4891 1831 4960 edito:
1843 4891 1930 4959 conl.
1942 4892 2029 4977 ejus·

378 4983 452 5050 dem
469 4982 577 5070 operis
592 4982 748 5070 pagiuam
763 4979 903 5060 IV·tam,
919 4979 1060 5067 sigillum
1076 5004 1097 5050 a
1111 4981 1224 5050 dextra
1237 4990 1331 5067 perte
1348 4979 1525 5072 depictum.

1762 5076 1822 5144 48*
