5409 6309
963 777 1393 906 ι--ιοῡὲ-

295 1077 298 1082 -
365 1026 473 1113 infra
493 955 729 1126 duodecem
750 1040 884 1105 annos
906 1050 1080 1107 censum
1101 1033 1145 1107 et
1166 1023 1377 1106 decimam
1398 1021 1562 1108 solvere
1584 1051 1671 1110 non
1693 1029 1853 1115 debent
1851 1032 2035 1144 ,elapsis

368 1172 468 1231 vero
491 1127 716 1226 duodecim
740 1142 861 1222 annis
880 1141 1107 1248 libertatis,
1142 1141 1336 1224 Ecclesia
1375 1138 1524 1225 Sancti
1556 1137 1736 1255 Georgii
1770 1152 1942 1260 saepius
1963 1180 2041 1238 no·

347 1264 575 1371 minatae,
612 1268 795 1373 quatuor
814 1288 1036 1344 mensuras
1057 1259 1232 1368 triplicis
1252 1285 1448 1342 annonae
1459 1320 1469 1364 ,
1499 1259 1699 1343 videlicet
1719 1278 1903 1373 quatuor
1923 1297 2040 1351 men·
2077 1275 2082 1286 “

366 1407 488 1465 suras
508 1379 654 1480 tritici,
686 1386 869 1494 quatuor
900 1378 1089 1491 siliginis,
1110 1386 1294 1492 quatuor
1316 1405 1478 1460 avenae
1495 1377 1702 1492 ‚singulis
1725 1386 1845 1467 annis
1865 1414 1941 1495 pro
1966 1388 2039 1471 de-

365 1499 480 1583 cima
500 1498 660 1581 solvere
680 1495 890 1580 tenebunt
902 1496 1021 1608 (sic),
1042 1524 1118 1606 pro
1141 1518 1393 1578 conservem
1414 1521 1569 1579 novem
1590 1505 1734 1581 sentos
1753 1499 1850 1611 (sic)
1872 1507 2040 1615 argenti

368 1616 527 1704 mealia
549 1612 749 1700 Similiter
769 1613 1009 1718 solvendos,
1030 1625 1076 1698 et
1094 1614 1178 1698 hoo
1197 1612 1431 1696 secundum
1451 1611 1724 1723 praefatum
1711 1643 1778 1699 rus
1798 1617 1908 1706 infra
1924 1632 2041 1708 octa-

368 1761 448 1818 vas
468 1732 619 1818 Sancti
633 1730 1095 1818 MartiniOonfessoris.
1127 1731 1442 1816 Praenominati
1463 1742 1607 1818 autem
1628 1734 1809 1841 sculteti,
1832 1745 2041 1826 eteorum

367 1851 570 1964 posteri,
558 1880 603 1934 m
624 1851 774 1934 eadem
793 1850 892 1934 villa
913 1849 1171 1933 Braunorcze
1193 1850 1383 1960 quinque
1418 1877 1590 1935 mansos
1610 1850 1769 1937 liberos
1803 1885 1831 1938 a
1851 1854 2042 1967 qualibet

329 1995 333 2008 ¹
368 1971 577 2055 solutione
614 1996 769 2052 census
792 1978 834 2051 et
855 1968 1047 2051 decimae
1082 1969 1172 2051 iure
1207 1967 1501 2073 haereditario
1525 1968 1828 2078 possidebunt,
1852 1984 1894 2056 et
1913 1965 2044 2058 unam
2199 2047 2202 2052 .
2251 2023 2253 2028 <

220 2133 223 2138 ·
367 2085 593 2184 tabernam
628 2086 815 2172 similiter
835 2087 1058 2174 habebunt
1076 2086 1272 2194 liberam,
1295 2096 1338 2168 et
1357 2095 1599 2196 exemptam
1619 2086 1675 2171 ab
1699 2091 1812 2173 omni
1833 2092 2041 2176 solutione
2109 2127 2134 2158 -·

368 2207 675 2313 etexaction05
696 2216 959 2315 protectore
994 2233 1097 2289 vero
1132 2199 1353 2290 Ecclesiae
1391 2204 1475 2288 duo
1512 2201 1650 2288 mansi
1687 2205 1847 2291 debent
1874 2209 2042 2322 integre

366 2323 598 2429 reseruari,
619 2333 663 2407 et
683 2349 829 2409 omnes
852 2316 1012 2407 debent
1030 2351 1128 2407 esse
1147 2321 1278 2435 longi.
1329 2319 1542 2407 Habent
1531 2350 1703 2434 msuper
1723 2325 1852 2433 ijdem
1873 2328 2044 2411 sculteti

367 2441 545 2540 liberam
563 2452 823 2551 potestatem
843 2443 1084 2525 scultetiam
1104 2469 1228 2528 suam
1245 2440 1452 2546 donandi,
1468 2441 1683 2524 vendendi
1698 2444 1766 2527 vel
1782 2472 2042 2557 quocunque

368 2561 505 2645 modo.
534 2561 614 2646 alio
651 2589 679 2642 a
699 2588 745 2643 se
782 2560 1007 2668 alienandi.
1060 2561 1170 2644 Item
1193 2561 1246 2644 de
1266 2560 1412 2669 iudicij
1455 2556 1680 2673 (judicio‘l)
1716 2571 1818 2671 post
1853 2562 2056 2673 elapsam.

368 2677 607 2774 libertatem
645 2680 732 2784 duo
767 2679 926 2790 denarij
969 2706 1136 2789 semper
1166 2678 1323 2761 cedent
1346 2678 1550 2761 ecclesiae
1570 2680 1655 2761 iam
1674 2679 1817 2788 plures
1837 2684 2047 2766 recitatae
2112 2709 2139 2756 f

316 2879 321 2886 .
371 2797 483 2910 (sic),
520 2807 565 2880 et
584 2798 715 2882 totius
736 2793 976 2909 (totideml)
999 2798 1054 2884 ad
1073 2795 1252 2883 soltetos
1267 2796 1528 2905 pertinebit.
1578 2791 1645 2882 Ne
1667 2806 1811 2880 autem
1832 2800 2047 2907 quispiam
2142 2817 2145 2822 ’

368 2915 412 2996 in
432 2924 651 3028 posterum
671 2915 784 2997 hano
805 2915 1113 3000 ordinationem
1133 2915 1271 3025 possit
1290 2914 1560 3023 aliquatenus
1587 2914 1822 3017 immutare,
1843 2941 2046 3022 praesen·

210 3099 214 3104 ,
369 3042 457 3118 tem
477 3035 538 3116 eis
559 3034 766 3142 paginam
785 3033 829 3114 in
848 3032 1138 3117 testimonium
1160 3040 1205 3114 et
1223 3030 1484 3138 perhennem
1503 3029 1763 3131 memoriam,
1794 3057 1922 3140 super
1943 3057 2044 3116 con·

370 3149 529 3232 fectam
548 3149 745 3234 concessi
764 3148 848 3231 mei
869 3148 996 3259 sigilli
1011 3158 1054 3231 et
1069 3148 1241 3257 capitali
1251 3147 1355 3259 (sic)
1369 3146 1599 3231 munimine
1620 3156 1908 3232 memoratam
1932 3147 2047 3234 Acta

369 3274 472 3350 sunt
491 3275 634 3350 autem
653 3266 763 3348 baec
785 3293 896 3352 anno
920 3266 1078 3352 domini
1102 3264 1487 3351 1274.1nditi0ne
1521 3263 1822 3350 ecelesiastica.¹
1844 3293 2046 3375 praesen

370 3383 485 3470 tibus
507 3395 589 3468 etc
626 3383 789 3468 Datum
810 3383 987 3470 Tiresiae
1008 3381 1027 3498 (
1033 3382 1097 3493 8’)
1085 3413 1130 3468 111
1152 3379 1221 3467 die
1241 3379 1361 3474 beati
1382 3383 1540 3556 Oalixti
1558 3377 1776 3495 Martyris,
1796 3411 1873 3493 per
1893 3408 2045 3470 manus
2127 3487 2130 3494 .

371 3487 587 3589 Leonardi
606 3504 824 3614 scriptoris
846 3502 989 3586 curiae
1010 3527 1146 3587 meae

477 3763 522 3847 0)
546 3764 685 3850 Tiresia,
706 3764 832 3852 Tyniee,
850 3763 931 3829 urbe
947 3762 989 3828 ad
1005 3763 1192 3831 Vistulam
1183 3787 1218 3830 m
1233 3761 1386 3833 Gallicis.
1461 3769 1468 3778 “
