5409 6309
1078 773 1130 861 -’
1184 808 1255 884 ros
1284 783 1370 862 ’-”

380 1010 492 1092 sicut
511 1036 655 1093 eorum
676 1011 751 1120 qui
772 1036 911 1122 neque
930 1010 1055 1092 iusta.
1078 1038 1220 1121 neque
1240 1011 1392 1094 saltem
1414 1007 1594 1092 honesta
1622 1010 1820 1119 precibus
1853 999 2046 1098 obtinere

292 1129 324 1221 ’,
379 1130 569 1210 ιιιιιιιιιιιι
604 1129 838 1238 peticiones
874 1154 958 1213 non
997 1130 1191 1236 consenit
1232 1127 1432 1211 exaudiri.
1454 1126 1515 1206 sic
1535 1154 1661 1211 versa
1696 1131 1802 1213 vice.
1834 1130 1948 1214 iusta
1978 1133 2047 1215 vel

380 1245 560 1346 honesta
592 1247 836 1355 petencium
855 1247 966 1330 votis
998 1245 1273 1328 exaudiendis
1295 1246 1455 1327 aditum
1475 1270 1559 1327 non
1581 1246 1790 1358 condecet
1809 1247 2044 1334 intercludi.

379 1361 516 1474 Igitur
536 1390 634 1444 cum
657 1364 795 1456 dilecti
816 1362 940 1446 nobis
961 1360 1090 1448 frater
1110 1360 1303 1446 Joannes
1324 1360 1476 1445 Abbas
1498 1371 1542 1442 et
1563 1374 1797 1446 conventus
1828 1363 2047 1451 Andrzcc·

236 1511 239 1515 ⁸
356 1481 544 1562 niensis
582 1479 876 1565 Cisterciensis
914 1481 1070 1565 ordinis
1093 1492 1138 1564 et
1158 1479 1453 1578 Oracoviensis
1491 1480 1669 1562 diocesis
1705 1482 1920 1564 mediante
1955 1513 2046 1567 ma-

238 1704 242 1708 ,
275 1667 277 1670 .
381 1599 514 1708 gistro
552 1597 741 1698 Gerardo
780 1597 943 1682 decano
967 1597 1242 1682 Oracoviensi
1264 1597 1320 1679 ad
1341 1603 1529 1679 nostram
1550 1600 1817 1707 presenciam
1838 1604 2045 1684 accessis-

379 1724 486 1800 sent.
549 1710 838 1799 Osterlderunt
873 1715 989 1828 quod
1010 1716 1046 1796 si
1067 1716 1120 1796 de
1140 1713 1287 1799 nostra
1308 1713 1609 1797 munificencia
1630 1725 1889 1798 mererentur
1911 1718 2046 1827 adipi-

257 1838 260 1841 ⁴
379 1833 441 1913 sci
473 1832 659 1937 decimas
692 1833 901 1946 quasdam
939 1834 994 1916 ad
1028 1841 1216 1916 nostram
1251 1832 1444 1946 mensam
1466 1834 1752 1942 pertinentes.
1771 1833 1968 1918 videlicet
2002 1839 2045 1920 in

348 2009 352 2026 .
378 1946 573 2034 Praelculc
594 1980 644 2035 ex
665 1947 847 2061 utraque
876 1960 998 2059 parte
1021 1979 1146 2061 aque.
1165 1960 1207 2034 et
1227 1952 1387 2037 ibidem
1407 1952 1452 2031 in
1475 1947 1640 2060 Cocculj
1660 1950 1791 2052 multo
1811 1952 1906 2061 plus
1929 1980 2045 2037 ccm-

239 2133 245 2139 .
295 2065 298 2067 ’
378 2069 651 2150 moditatis
617 2097 676 2151 ers
695 2098 773 2178 per
792 2070 875 2153 hoc
897 2079 1175 2152 accresceret
1206 2070 1324 2181 quod
1356 2065 1547 2205 (quaml)
1571 2097 1731 2158 revera
1765 2070 1957 2164 utilitatis
1994 2099 2045 2158 eo

380 2186 497 2294 quod
526 2187 717 2294 predicte
748 2187 910 2269 decime
941 2189 1049 2268 inter
1068 2169 1190 2270 villas
1211 2194 1256 2268 et
1275 2187 1496 2269 decimas
1484 2215 1527 2267 ιιι
1548 2186 1616 2270 illo
1636 2185 1729 2271 loco
1750 2187 1900 2293 haberi
1921 2192 2046 2300 quasi

378 2302 465 2385 sole
481 2304 718 2398 videantur
734 2316 906 2443 propter
928 2333 1111 2416 quarum
1132 2299 1370 2387 carenciam
1376 2303 1525 2386 multa
1547 2306 1703 2386 damna
1718 2315 1762 2387 et
1775 2307 2046 2392 incommoda

379 2420 556 2531 sing‘ulis
594 2423 714 2505 annis
750 2423 840 2560 pati
878 2422 1191 2507 dinoscuntur.-
1219 2423 1360 2507 Unde
1381 2430 1470 2504 tam
1506 2422 1659 2506 devote
1682 2451 1814 2534 quam
1834 2424 2046 2509 humiliter
2181 2525 2188 2537 Ι

376 2541 630 2648 petiverunt.
652 2542 732 2622 ut
721 2543 823 2651 1psis
844 2550 1099 2628 memoratas
1137 2541 1325 2624 decimas
1358 2537 1546 2623 conferre
1568 2550 1657 2624 tam
1676 2541 1745 2650 pie
1767 2567 1898 2653 quam
1917 2544 2046 2626 mise·

365 2656 597 2740 ricorditer
617 2657 904 2772 dignaremur
946 2658 1133 2743 Nost
1058 2668 1133 2741 aut
1135 2688 1201 2741 em
1222 2647 1495 2744 attendentes
1515 2658 1696 2767 predicti
1717 2658 1895 2769 (lenobij
1918 2662 2046 2746 obse·

379 2775 526 2885 quicse
566 2777 808 2862 devocionis
841 2779 1070 2887 puritatem
1107 2803 1245 2888 quam
1274 2804 1440 2885 semper
1470 2774 1714 2859 habuerunt
1744 2778 1800 2858 ad
1821 2779 2045 2865 ecclesiam

377 2900 577 2976 nostram
600 2902 644 2975 et
665 2895 834 2980 domino
857 2895 1119 2977 concedente
1140 2922 1309 3031 semper
1329 2891 1563 2976 habebunt
1588 2894 1807 3002 cupientes
1836 2896 2046 2980 nihilomi·
2140 2930 2145 2940 ·

375 3034 455 3090 nus
487 3038 562 3120 per
591 3013 779 3119 ipsorum
808 3013 1063 3094 instanciam
1105 3014 1350 3094 oracionum
1391 3008 1607 3120 suffiagijs
1649 3011 1896 3118 specialiter
1920 3014 2045 3128 apud

355 3131 505 3212 ¹deum
542 3128 752 3231 adiuvari,
791 3127 1093 3211 deliberatione
1113 3127 1263 3210 habita
1283 3125 1523 3209 sufficienti.
1546 3154 1643 3208 cum
1664 3133 1808 3209 nostro
1830 3115 2042 3236 Capitulo.
2063 3145 2065 3150 ’

376 3275 430 3329 ac
449 3244 581 3360 ipsius
603 3245 775 3357 capitulj
791 3272 877 3329 non
898 3245 1034 3330 solum
1055 3245 1287 3328 accedente
1309 3270 1532 3327 consensu.
1556 3244 1632 3325 sed
1654 3244 1790 3325 eciam
1804 3245 1847 3327 in
1849 3253 2046 3332 etrvemu
2092 3263 2095 3268 ‘
2217 3229 2248 3322 ι’

326 3385 328 3392 ’
350 3365 661 3478 predictorum
681 3361 866 3449 Abbatis
888 3374 931 3446 et
951 3374 1185 3448 conventus
1202 3362 1458 3472 peticionem
1473 3388 1549 3472 per
1567 3362 1777 3445 decanum
1805 3364 2044 3473 predictum

376 3482 609 3567 affectuose
649 3491 907 3592 porrectam
937 3479 1124 3592 benigne
1157 3479 1350 3565 duximus
1382 3478 1702 3563 admittendam.
1724 3480 1940 3587 predictas
1972 3483 2046 3568 de·
2061 3524 2069 3528 ·
2109 3546 2115 3550 -
2195 3450 2220 3528 ⁰·
2328 3439 2346 3502 '⁸
2491 3499 2495 3506 ’

377 3600 510 3691 cimas
530 3626 640 3710 quas
661 3600 935 3709 petivertmt
924 3628 966 3688 ιιι
991 3577 1263 3685 elemosinam
1284 3599 1427 3683 domui
1445 3597 1792 3681 Andraeouiensi
1819 3600 2046 3707 providen-

245 3757 247 3762 ·
287 3791 289 3797 .
377 3721 435 3804 do
451 3717 679 3802 liberaliter
717 3725 934 3828 perpetuo
956 3715 1249 3801 conferendas.
1300 3717 1352 3800 ln
1388 3717 1508 3800 cuius
1527 3716 1589 3798 rci
1610 3715 1873 3800 evidenciam
1892 3725 1938 3799 et
1955 3747 2046 3803 me·

375 3840 551 3922 moriam
570 3845 812 3946 presentem
829 3835 1048 3947 paginam.
1066 3838 1197 3917 nostri
1212 3837 1369 3943 pariter
1385 3845 1428 3917 et
1443 3833 1617 3944 capituli
1632 3834 1863 3945 sigillorum
1884 3862 2046 3946 appen·
2086 3897 2091 3906 -

323 4027 327 4034 ,
377 3958 493 4041 sione
519 3954 784 4039 roboratam.
822 3953 1041 4065 sepedicto
1071 3952 1362 4056 Monasterio
1349 3979 1395 4044 ιιι
1406 3955 1628 4036 munimen
1648 3962 1903 4064 perpetuum
1924 3954 2046 4038 duxi·
2054 3985 2085 4020 ν

376 4099 469 4158 mus
512 4073 847 4157 concedendum
898 4071 1061 4156 Datum
1112 4099 1223 4158 anno
1262 4063 1432 4156 domimi
1469 4071 1544 4154 Μ’.
1589 4071 1678 4157 CO
1718 4070 2044 4240 septuagesimo

306 4241 308 4246 ·
377 4201 529 4303 quarto
550 4193 683 4286 tercio
705 4187 919 4275 Calendas
940 4190 1102 4322 Marcij
