5409 6309
1423 1505 1627 1626 xllllt
1724 1493 1754 1526 ”

990 1754 1252 1838 resectae
1268 1757 1399 1840 -14
1428 1753 1685 1837 corono
1711 1707 1858 1841 rara
1884 1774 2051 1839 aoso.
2115 1796 2123 1812 ·

526 1982 573 2011 ·-
684 1970 812 2043 oue
840 1967 937 2040 roos
965 1967 1144 2040 norman
1172 1966 1344 2039 reeens
1372 1966 1524 2057 pamm
1542 1960 1773 2035 noram
1799 1963 1892 2037 naa
1912 1963 2078 2054 ermon
2100 1967 2134 2036 n
2148 1963 2354 2037 monne
2490 1930 2494 1938 ’

684 2069 868 2145 nrrnlnlo
896 2069 1045 2158 penso
1059 2085 1136 2140 erro
1150 2067 1302 2140 orolniro
1324 2066 1616 2157 &tonitruos
1631 2065 1835 2153 esrorlml,
1850 2064 2308 2138 nlhnssmowimllenior
2321 2067 2356 2137 et

704 2170 837 2252 &mlo
851 2169 969 2241 antu
982 2168 1226 2242 erroneos
1234 2168 1308 2261 jin
1322 2169 1501 2295 honorico
1513 2166 1675 2242 locutu
1691 2183 1761 2240 ru
1774 2166 1870 2240 raris
1881 2161 2107 2241 cordum
2121 2167 2332 2257 wnittlw).

787 2369 839 2453 In
858 2369 1028 2474 nornine
1071 2368 1228 2452 domini
1259 2367 1410 2452 Amen.
1435 2358 1518 2452 etc}
1569 2368 1673 2451 ideo
1695 2389 1778 2478 ego
1801 2365 1980 2451 Oosmas
2001 2347 2271 2451 miseratione
2293 2368 2354 2448 di·

682 2490 786 2572 uina
820 2486 959 2568 dictrrs
981 2484 1146 2569 ¹Abbas
1183 2488 1333 2571 domus
1370 2496 1501 2598 atque
1538 2485 1706 2595 cenobij
1743 2484 2045 2596 Thineoensis,
2076 2495 2223 2569 notum
2242 2483 2353 2568 facio

563 2656 566 2662 f
683 2605 891 2690 universis
915 2611 995 2686 etc.
1048 2600 1176 2702 Quod
1196 2606 1249 2688 de
1270 2606 1576 2713 praemissione
1597 2614 1640 2686 et
1660 2601 1802 2713 grata'
1822 2604 2045 2714 yolmrtate
2082 2602 2240 2686 domini
2270 2601 2353 2684 mei

686 2721 953 2810 serenissimi
987 2721 1202 2832 principie,
1241 2724 1399 2808 domini
1432 2720 1615 2808 Boleslai
1667 2722 1842 2804 Illustris
1873 2720 2007 2804 Ducis
2040 2719 2276 2807 Oracoviae
2311 2730 2354 2803 et

580 2869 584 2878 ·
656 2839 999 2943 ''Sandomirioe
1023 2848 1067 2921 et
1087 2840 1139 2922 de
1159 2841 1348 2934 unanimi
1369 2840 1586 2924 voluntate
1609 2839 1797 2924 omnium
1815 2836 1990 2923 fratrum
2009 2865 2198 2954 meorum
2221 2847 2263 2919 et
2283 2863 2354 2921 so·

683 2985 844 3060 rorum,
867 2967 911 3041 et
932 2957 984 3040 de
1004 2957 1129 3067 pleno
1153 2969 1197 3042 et
1215 2959 1405 3042 unanimi
1440 2965 1620 3042 assensn
1650 2959 1779 3044 totius
1800 2959 1885 3040 mei
1906 2956 2109 3067 Capituli,
2143 2952 2354 3064 profectui

684 3085 729 3158 et
748 3074 1011 3185 ampliationi
1046 3076 1255 3161 ecelesiae
1290 3104 1417 3160 meae
1450 3078 1588 3160 sancti
1610 3073 1785 3186 Georgii
1806 3075 2003 3187 Martyris
2023 3075 2067 3156 in
2087 3082 2226 3158 castro
2248 3072 2354 3159 Ora·
2408 3151 2413 3156 .

680 3195 894 3298 nonensi,
910 3222 1041 3276 unam
1055 3194 1197 3279 villam
1217 3195 1300 3277 mei
1322 3193 1538 3305 coenobij,
1553 3194 1836 3308 pertinentem
1856 3193 1994 3276 eidem
2018 3193 2197 3276 ecclesie
2216 3189 2354 3274 sancti

379 3403 386 3419 ‚
473 3375 478 3384 ·
684 3309 880 3419 Georgii,
915 3313 1084 3395 nomine
1120 3311 1405 3413 Bronowicze,
1432 3314 1558 3395 sitam
1579 3313 1621 3394 in
1642 3320 1798 3414 monte,
1820 3311 1896 3423 qni
1918 3310 2070 3394 dicitur
2091 3336 2233 3393 crosna
2250 3335 2374 3423 pora,
2495 3337 2499 3346 ’

498 3434 517 3528 “,
551 3459 555 3464 ·
586 3473 613 3493 -.
682 3454 817 3539 prope
853 3428 1069 3511 civitatem
1105 3428 1457 3528 Oracoviensem,
1482 3429 1581 3511 dedi
1603 3440 1646 3511 et
1677 3428 1834 3512 contuli
1853 3429 2041 3515 Henrico
2065 3419 2240 3512 et'socio
2263 3427 2352 3509 eius

627 3581 631 3586 ’
683 3543 878 3657 Θεταςᾱο
915 3544 1080 3631 civibus
1118 3544 1475 3631 Oracoviensibus
1496 3550 1584 3629 iure
1607 3546 1878 3634 Theutonico
1898 3547 2124 3634 locandam
2145 3556 2189 3631 et
2210 3545 2353 3654 dispo·

682 3667 885 3768 nendam,
906 3665 980 3748 tali
999 3663 1200 3748 videlicet
1217 3666 1328 3769 iure,
1365 3665 1480 3775 quali
1500 3666 1595 3775 ipsa
1616 3664 1777 3750 Civitas
1797 3662 2093 3751 Mouiforensis
2115 3662 2226 3778 (sic),
2267 3675 2352 3774 que

635 3865 640 3876 ,
682 3784 798 3865 iacet
818 3783 933 3864 circa
952 3780 1290 3885 Wratislnuiam,
1312 3794 1377 3865 est
1395 3783 1554 3886 locata,
1591 3785 1889 3869 constituendo
1925 3783 2166 3895 praedictos
2197 3779 2352 3865 Henri·

684 3926 783 3982 oum
805 3908 849 3980 et
869 3897 1137 3984 Gerhardum
1157 3898 1200 3981 in
1222 3900 1493 3984 eadem-silla
1522 3900 1725 3985 scultetos
1748 3912 1791 3985 et
1811 3901 1841 3986 J
1843 3901 2009 4008 udices,
2032 3911 2075 3984 et
2093 3926 2216 3985 veros
2247 3899 2349 3987 hac·
2418 3921 2421 3926 ’

681 4017 805 4106 redes
827 4027 870 4098 et
887 3999 1100 4129 legitimOs
1134 4044 1416 4128 possessores,
1438 4047 1490 4101 sc
1512 4047 1658 4104 omnes
1683 4022 1870 4132 ipsorum
1890 4031 2085 4132 posteros
2106 4046 2158 4102 ac
2180 4043 2353 4102 succes·
2477 4028 2489 4104 .·’

682 4161 819 4241 sores,
833 4146 876 4218 et
893 4135 976 4220 hoc
1000 4138 1053 4221 de
1073 4136 1189 4222 bona
1209 4137 1425 4222 voluntate
1449 4148 1492 4221 et
1513 4138 1754 4224 omnimodo
1771 4167 1986 4242 consensu,
1999 4138 2156 4224 domini
2171 4135 2352 4240 Joannis
2447 4169 2450 4174 >

539 4332 547 4351 ,
681 4254 858 4338 rectoris
879 4255 963 4338 iam
985 4256 1098 4340 dicte
1119 4256 1300 4339 ecclesie
1321 4255 1469 4374 Sancti
1491 4254 1666 4368 Georgii
1690 4267 1732 4340 et
1750 4245 1995 4366 possessore
2013 4256 2112 4370 (sic)
2132 4254 2352 4367 praefatae

528 4447 536 4466 ,
641 4429 645 4442 ·
681 4373 817 4472 villae,
855 4372 936 4456 sub
957 4374 1032 4457 tali
1051 4373 1187 4476 forma
1221 4375 1373 4482 pacti,·
1391 4375 1460 4458 Ita
1496 4377 1613 4487 quod
1649 4389 1796 4458 omnes
1830 4377 1994 4461 incolae
2015 4384 2059 4457 et
2077 4375 2352 4472 habitatores,

683 4492 928 4604 quicunque
947 4492 992 4575 in
1011 4493 1259 4602 saepedicta
1277 4485 1375 4579 villa
1412 4492 1620 4579 Canonici
1654 4493 2035 4580 M'snsionariorum
2073 4494 2351 4593 invenientur,

786 4747 831 4828 (¹)
850 4729 1084 4898 Apognpphon
1099 4772 1119 4814 a
1134 4741 1336 4817 doctissimis
1343 4719 1594 4817 Muolkowscio
1606 4760 1640 4816 et
1650 4751 1889 4819 Bentkowscio
1906 4749 2030 4821 elibris
2043 4704 2190 4837 Metrpki
2201 4715 2352 4816 koronrle

683 4828 793 4915 dictis,
817 4852 900 4915 qnae
921 4833 956 4898 in

682 4913 916 5004 Apographon
929 4917 1037 5004 ipsum
1053 4919 1284 5006 depromptum
1305 4943 1323 4986 e
1338 4928 1548 5005 transumpto
1564 4920 1641 4986 anni
1654 4922 1746 4986 1⁵64.

1005 4832 1152 4899 abulnrio
1180 4833 1315 4921 publico
1332 4836 1440 4921 Regni
1455 4845 1676 4918 asservantur,
1693 4835 1897 4922 descriptum
1911 4837 2027 4919 (Metr.
2040 4835 2105 4903 vol.
2122 4838 2176 4918 98,
2190 4834 2248 4901 fol.
2266 4836 2351 4915 143)
2517 4799 2523 4806 ⁸
