5409 6309
1400 827 1676 912 -ue-
1781 867 1897 954 gg

710 1040 971 1157 aoaderkoff
982 1038 1257 1145 vendidimus,
1298 1047 1342 1124 et
1380 1039 1606 1132 vendimus
1646 1046 1791 1125 tenore
1824 1040 2091 1154 presencium
2130 1040 2357 1181 mediante,

614 1162 1017 1286 ‚possessionem
1056 1159 1301 1246 realemt
1258 1167 1311 1243 et·
1339 1158 1606 1260 affectualem
1645 1158 1901 1265 eiusdc'm,
1889 1160 1992 1271 rpsis
2031 1155 2358 1273 consignantes,
2406 1226 2414 1246 .

707 1310 834 1395 quem
866 1279 1040 1394 quidem
1070 1303 1245 1364 censum
1274 1279 1492 1390 predictus
1522 1278 1725 1392 Magister
1754 1276 1977 1366 Johannes
2007 1277 2260 1392 Oswyoczym
2279 1280 2358 1368 Al-

703 1403 851 1486 tarista
881 1408 924 1483 et
954 1399 1023 1509 aliJ'
1053 1426 1129 1509 pro
1160 1406 1454 1508 temperet
1395 1400 1454 1485 alt
1456 1391 1583 1482 ariste
1622 1396 1766 1482 tollere
1804 1406 1849 1483 et
1887 1397 2074 1509 recipere
2116 1396 2354 1507 debebunt,

703 1519 909 1604 medietat
891 1526 976 1602 tem
998 1517 1160 1628 scilicet
1187 1544 1263 1627 pro
1294 1515 1403 1604 festo
1435 1518 1584 1607 Sancti
1613 1514 1843 1621 Michaelis,
1864 1518 2053 1602 etaiam
2081 1519 2352 1606 medietatem

702 1667 779 1751 pro
809 1639 918 1724 festo
949 1636 1104 1741 Pasce,
1126 1637 1321 1748 tamdiu,
1363 1635 1505 1725 donec.
1525 1637 1717 1747 predict
1754 1663 1921 1720 summa
1964 1637 2273 1724 Trecentorum
2314 1649 2358 1725 et

702 1759 926 1872 sexaginta
956 1757 1206 1842 florenorum
1236 1755 1595 1869 hungaricalium,
1626 1785 1702 1867 per
1731 1781 1809 1841 nos
1839 1755 1909 1841 vel
1936 1764 2103 1841 nostros
2134 1783 2357 1845 suecesso-

700 1906 780 1983 res,
810 1880 853 1960 in
883 1901 1033 1959 manus
1061 1874 1345 1986 predictorum
1377 1875 1612 1962 Consulum
1641 1884 1849 1984 tanquam
1878 1881 2171 1986 patronorum,
2205 1875 2270 1976 ad,
2291 1877 2356 1964 in·

697 2011 865 2110 tegrum
900 1992 1025 2081 fuerit
1054 1993 1234 2081 exoluta.
1274 1993 1343 2079 Ita
1371 2003 1525 2098 tumen,
1555 1992 1671 2106 quod
1700 1994 1914 2104 predictus
1950 1994 2157 2107 Magister
2187 1993 2354 2082 Johan-
2404 2035 2409 2044 ·
2458 2061 2470 2084 .

702 2138 778 2203 nes
809 2114 881 2202 Ale
864 2115 1108 2220 tarista,et
1064 2112 1204 2224 ealiJ'
1235 2140 1311 2224 pro
1341 2121 1531 2227 tempore
1561 2113 1751 2202 altariste
1788 2121 1957 2200 omnem
1999 2141 2145 2198 nasum
2186 2111 2354 2201 fortune
2462 2113 2470 2128 '

704 2238 901 2340 aduerse,
930 2233 968 2318 si
1002 2260 1112 2346 que
1122 2230 1240 2348 (sic),
1270 2233 1387 2347 quod
1419 2234 1523 2318 deus
1555 2241 1739 2337 auertat,
1768 2232 1837 2318 vel
1866 2234 1964 2319 ab
1923 2262 2074 2372 agne,
2113 2233 2180 2320 vel
2209 2233 2352 2343 aliquo

595 2389 600 2399 ’
703 2357 784 2443 alio
814 2352 1080 2440 incommodo
1113 2352 1312 2460 evenerit,
1342 2362 1387 2437 et
1414 2293 1739 2439 reformacionia
1752 2341 2003 2458 necessarie,
2034 2378 2122 2466 quo
2143 2352 2199 2436 ad
2219 2380 2356 2472 quan·

701 2477 868 2563 titatem
897 2499 1057 2556 summe
1090 2498 1248 2555 census·
1278 2472 1458 2581 predicti
1496 2472 1734 2582 equaliter·
1727 2470 1848 2556 ·ferre
1890 2471 2060 2556 debent.
2118 2471 2200 2557 Pro
2234 2481 2355 2559 tanto
2443 2495 2504 2598 J·

699 2594 785 2682 tibi
809 2590 1025 2682 Generoso
1054 2590 1234 2676 Martino
1269 2589 1550 2703 Borzimowstj
1590 2587 1796 2678 Procurat
1778 2593 1866 2677 tori
1893 2599 2036 2676 nostro
2068 2590 2354 2699 Oracouiensi,

702 2725 746 2803 et
773 2712 867 2824 alijs
905 2738 981 2823 pro
1010 2720 1198 2822 tempore
1240 2710 1605 2821 procuratoribus,
1647 2709 1858 2824 quatenus
1898 2709 1952 2793 de
1989 2711 2179 2820 predicto
2222 2738 2354 2794 censu

701 2832 924 2919 duodecim
953 2856 1188 2914 marcarum
1220 2830 1598 2942 eis*respondeatis
1628 2841 1673 2916 et
1691 2829 1935 2941 responderj
1957 2826 2123 2916 iacietis
2153 2856 2236 2941 pro
2251 2857 2352 2942 gra·

702 2954 769 3037 cia
797 2959 953 3037 nostra.
998 2949 1160 3034 Datum
1192 2944 1380 3034 Crucoaie
1416 2949 1521 3057 feria
1564 2951 1714 3062 quinta
1754 2947 1864 3034 infra
1905 2953 2081 3036 octaua's
2112 2947 2349 3059 Epiphania

701 3070 868 3210 domini,
884 3094 994 3154 anno
1016 3068 1105 3179 ejus
1123 3068 1342 3155 millesimo
1364 3051 1783 3185 quadringentesimo
1804 3069 2082 3183 nonagesimo
2102 3070 2245 3169 toecio,
2259 3067 2350 3156 Re·
2404 3151 2409 3162 ,

704 3219 780 3304 gnr
766 3190 930 3275 nostri
949 3214 1058 3276 anno
1078 3187 1224 3299 primo

808 3424 860 3517 G.
882 3365 1259 3514 Vicecancellarius
1279 3426 1540 3541 subscripsit

1634 3560 1810 3651 Relacio
1826 3558 2088 3649 Venerabilis
2097 3558 2290 3675 Gregorij
2299 3560 2351 3648 de

1595 3681 1829 3769 badoroncz
1853 3681 1974 3773 ΕΡ.
1997 3679 2349 3791 Vicecancellarij.
