5409 6309
214 3249 225 3273 ·
343 3231 404 3297 sub
419 3231 515 3296 titulo
531 3242 566 3295 et
581 3230 688 3320 sigillo
704 3231 782 3297 olim

1090 1271 1260 1391 text.

619 1507 1089 1618 erasmae-ure
1113 1528 1698 1617 ruminantem.

399 1751 682 1825 Alexander
702 1770 765 1843 rex.
780 1752 937 1845 porilem
950 1752 1034 1825 utu
1051 1754 1227 1844 opacata
1240 1770 1259 1825 r
1273 1750 1557 1843 praedecessoribus
1571 1752 1637 1824 ruis
1651 1749 1734 1839 tuta,
1749 1755 1877 1826 renovat
1891 1758 1940 1838 (¹).

446 1961 496 2046 In
518 1964 684 2047 nomine
707 1962 862 2047 domini
884 1992 1019 2045 amen.
1065 1962 1134 2045 Ad
1164 1972 1415 2071 perpetuam
1434 1961 1495 2045 rei
1514 1962 1769 2046 memoriam.
1802 1961 1991 2047 Tametsi

346 2080 577 2166 authoritas
597 2111 748 2194 regum
771 2091 814 2166 et
833 2084 1069 2193 principum
1090 2083 1133 2162 in
1156 2081 1339 2164 omnium
1364 2081 1541 2162 decretis
1577 2081 1895 2194 Privilegiorum
1915 2111 1989 2165 ne·

275 2195 277 2204 ’
345 2200 497 2284 minem
520 2201 641 2285 fallat
661 2203 736 2314 sed
757 2227 923 2312 semper
958 2228 1202 2284 mansurum
1239 2199 1468 2282 constituit.
1506 2201 1703 2312 quitquid
1724 2199 1820 2315 (sic)
1844 2201 1991 2284 decer·

344 2318 482 2403 nendo
504 2329 736 2431 perpetuat.
784 2321 947 2405 Tamen
970 2347 1054 2404 non
1075 2319 1130 2400 ab
1151 2347 1197 2400 re
1218 2318 1267 2400 fit
1287 2328 1335 2402 ut
1353 2320 1503 2401 iterum
1525 2321 1763 2428 iterumque
1784 2321 1992 2434 approbet

345 2448 387 2520 et
406 2439 702 2523 firmitudinem
724 2439 959 2552 ingeminet
980 2441 1079 2524 dum
1103 2467 1154 2520 ea
1177 2464 1261 2546 que
1297 2437 1428 2520 semel
1453 2439 1495 2520 iu
1515 2449 1763 2548 perpetuum
1783 2442 1989 2524 concedit.

449 2642 487 2719 (¹)
511 2640 562 2705 Ex
579 2649 783 2727 transumpto
798 2639 887 2727 regis
904 2639 1105 2726 Sigismundi
1121 2639 1216 2725 primi
1247 2661 1276 2703 a.
1309 2637 1635 2706 1538Muczkowski
1662 2637 1845 2724 descripsit.
1883 2640 1986 2706 Privi-

343 2723 464 2809 legium
493 2723 643 2791 Casirniri
673 2725 902 2811 Jagellonidis‚
930 2726 982 2792 cui
1011 2727 1135 2791 inserta
1160 2734 1211 2790 est
1239 2724 1350 2790 tabula
1377 2724 1521 2790 Boleslai
1537 2723 1662 2801 Pudici,
1689 2724 1755 2808 jam
1771 2726 1919 2810 superius
1937 2738 1989 2814 ty·

342 2808 393 2960 pis
408 2809 573 2909 mandata,
587 2811 664 2877 anni
679 2820 729 2877 est
746 2811 836 2878 1456.
881 2811 1046 2877 Tenorem
1062 2809 1317 2875 confirmationis
1332 2809 1533 2893 Sigismundi
1547 2810 1581 2874 in
1600 2811 1810 2874 annotatione
1839 2809 1903 2876 huc
1933 2812 1991 2877 ad·

364 2915 499 2960 ucrmus:
1051 2953 1052 2956 ,

448 2982 538 3045 1538.
555 2978 593 3044 In
601 2979 730 3043 nomine
738 2978 859 3046 domini
867 3002 971 3045 amen.
986 2977 1239 3077 Adperpetuam
1246 2975 1486 3042 reimemoriam
1503 2976 1571 3041 Nos
1587 2974 1872 3059 sigismundusdei
1883 2981 1989 3060 gratia

344 3073 405 3128 etc.
452 3062 683 3146 Significamua
698 3073 762 3128 etc.
806 3063 978 3146 Quomodo
995 3075 1160 3128 vementes
1175 3061 1239 3127 huc
1256 3061 1295 3126 ad
1310 3085 1371 3127 nos
1387 3059 1484 3126 Cives
1501 3061 1615 3146 oppidi
1640 3062 1809 3127 monastici
1833 3060 1992 3151 Oppotlo·

343 3147 519 3228 uiccz(sict
536 3145 666 3214 abbatis
693 3146 908 3232 Tbijni'czen.
951 3146 1178 3215 Exhibuerunt
1207 3146 1418 3233 Privilegium
1444 3146 1688 3297 infrascriptum
1717 3146 1991 3214 confirmatorium

797 3172 864 3299 divi
882 3231 1062 3300 Alexandri
1077 3232 1178 3317 Regis
1193 3231 1304 3297 fratris
1320 3230 1465 3316 germani
1480 3237 1513 3295 et
1529 3251 1586 3316 pre
1611 3233 1770 3299 ecessoris
1785 3233 1891 3298 nostri
1907 3232 1992 3299 desi-

344 3315 547 3383 deratissimi·
591 3316 802 3403 Privilegium
815 3319 990 3384 locationis
1006 3337 1039 3383 et
1052 3315 1253 3383 fundationis
1267 3315 1409 3382 eiusdem
1421 3315 1533 3403 oppidi
1545 3315 1704 3407 Opotlrowi
1712 3318 1763 3384 'cca
1775 3340 1835 3404 per
1850 3318 1988 3386 Casimi·

343 3424 414 3466 rum
430 3400 607 3470 clarissime
632 3403 786 3468 memorie
810 3425 920 3489 regern
952 3416 1119 3489 parentem
1150 3411 1184 3467 et
1214 3400 1480 3500 predecessorem
1508 3415 1653 3470 nostrum
1707 3403 1989 3471 esideratissimum

343 3488 434 3573 prius
449 3487 673 3555 confirmatum
689 3488 723 3552 in
738 3511 773 3553 se
789 3487 972 3554 continens.
1016 3488 1120 3554 Nobis
1135 3485 1298 3552 humiliter
1319 3486 1541 3574 supplicantes
1570 3497 1732 3572 quatenus
1743 3488 1805 3555 hoc
1820 3487 1905 3556 idem
1917 3490 1989 3556 Pri-

343 3571 494 3658 rileginm
509 3595 569 3639 nos
585 3575 633 3641 eis
649 3592 777 3658 quoque
793 3574 982 3639 confirmare
1006 3573 1188 3661 approbare
1203 3585 1236 3637 et
1254 3571 1415 3638 ratificare
1442 3571 1481 3637 de
1507 3571 1710 3660 benignitate
1738 3586 1855 3641 nostra
1885 3575 1988 3663 Regia

344 3657 560 3742 dignaremur.
606 3658 708 3727 Cuius
724 3657 852 3742 quidem
868 3657 1037 3745 Privilegij
1053 3669 1146 3723 tenor
1161 3655 1351 3721 adverbum
1366 3655 1624 3740 utsequiturest
1638 3658 1725 3725 talis.
1771 3660 1988 3740 {Finiturrero

343 3747 396 3810 tor
410 3757 635 3835 transumptum
646 3767 677 3809 se
753 3747 958 3823 tibusuerbis).

450 3828 597 3910 Quorum
615 3829 669 3915 qui
692 3850 740 3893 em
758 3829 998 3915 oppidanorum
1013 3827 1118 3915 ipsius
1132 3826 1274 3893 Abbatis
1290 3825 1329 3891 de
1347 3825 1551 3913 Thijnnijecz
1573 3827 1748 3896 humilibus
1776 3829 1989 3915 supplicatio·

347 3912 442 3977 nibus
458 3923 491 3978 et
507 3913 735 3981 intercessioni
760 3914 1025 3981 Consiliariorum
1052 3922 1236 3978 nostrorum
1259 3933 1319 3998 pro
1337 3913 1385 3978 eis
1401 3911 1443 3977 ad
1457 3934 1517 3977 nos
1531 3913 1617 3979 facte
1632 3913 1679 3979 uti
1696 3915 1781 3981 iuste
1798 3925 1831 3979 et
1849 3914 1990 3980 rationa-

349 3995 404 4063 bili
422 3997 604 4086 benigniter
619 4012 653 4065 et
668 4021 824 4085 generose
841 4009 1020 4065 annuentes
1034 4020 1090 4063 eas
1106 3998 1194 4085 ipsas
1210 3998 1319 4062 literas
1329 4019 1384 4062 seu
1396 3996 1601 4084 privilegium
1614 4021 1724 4064 eorum
1736 4000 1991 4099 suprascriptum

347 4103 452 4147 ratum
465 4093 499 4148 et
512 4096 638 4171 gratum
653 4085 809 4151 habentes
824 4083 904 4151 illud
919 4085 953 4150 in
968 4083 1118 4149 omnibus
1136 4083 1205 4150 eius
1220 4083 1361 4168 punctis.
1385 4082 1536 4150 clausulis
1554 4084 1710 4151 articulis.
1737 4093 1770 4148 et
1795 4084 1990 4150 conditioni-

346 4169 406 4234 bus
422 4167 462 4232 de
477 4169 633 4256 singulari
650 4171 755 4257 gratia
769 4181 883 4236 nostra
897 4167 1164 4257 approbavimus
1181 4167 1442 4234 confirmavimus
1457 4177 1491 4233 et
1506 4169 1745 4235 ratificavimus.
1758 4169 1988 4258 approbamus·

345 4271 417 4336 que.
434 4255 661 4323 confirmamus
676 4268 709 4320 et
724 4254 932 4322 ratificamus.
969 4254 1197 4318 Decernentes
1226 4249 1305 4316 illud
1334 4252 1437 4317 robur
1467 4251 1574 4318 debite
1597 4263 1630 4320 et
1643 4265 1800 4342 perpetue
1828 4254 1987 4321 firmitatis

345 4337 493 4404 obtinere
509 4342 708 4425 presentium
719 4340 833 4425 vigore
846 4338 1024 4407 accedente
1039 4339 1073 4402 in
1087 4361 1191 4402 evum.
1226 4336 1362 4403 duribus
1388 4359 1426 4402 ac
1442 4339 1654 4423 pensionibus
1684 4339 1804 4405 nostris
1830 4340 1923 4408 uobis
1945 4363 1984 4405 ex

346 4426 355 4489 i
381 4445 418 4489 so
434 4424 555 4511 oppido
573 4425 690 4493 debitis
730 4448 766 4491 er
781 4424 1002 4493 omniasalvis
1019 4421 1233 4488 manentibus.
1254 4421 1292 4485 ln
1309 4422 1401 4488 cuius
1416 4424 1461 4487 rei
1478 4432 1538 4490 etc.
1571 4425 1692 4491 Actum
1718 4423 1925 4507 Pijotrlrowie
1951 4426 1985 4491 in

345 4447 568 4577 donventione
585 4450 729 4598 generali
744 4510 796 4575 die
814 4511 977 4578 dominico
997 4519 1072 4573 ante
1100 4509 1217 4572 festum
1243 4507 1348 4573 sancti
1375 4506 1510 4573 Mathie.
1547 4509 1644 4576 Anno
1667 4507 1788 4574 domini
1816 4507 1998 4577 millesimo*

346 4595 423 4679 quin
448 4595 605 4662 entesimo
622 4594 790 4678 trigesimo
806 4607 935 4663 octavo·
960 4593 1068 4680 Regni
1083 4614 1162 4658 vero
1178 4592 1284 4657 nostri
1307 4594 1406 4658 Auno
1433 4592 1600 4678 trigesimo
1626 4592 1780 4660 secundo.
1824 4595 2001 4672 Presenti·‚

344 4681 405 4745 bus
420 4616 702 4777 lenerendissimo
716 4681 927 4762 Reuerendis,
948 4678 1135 4766 Magnificis
1164 4676 1420 4745 Venerabilibus.
1447 4677 1636 4746 Generosis.
1660 4678 1777 4763 quibus
1807 4701 1908 4767 supra
1937 4686 1986 4762 tut

342 4764 421 4831 folio
436 4766 499 4831 320
512 4787 545 4830 rn
559 4766 644 4831 libro
660 4768 726 4847 54).

448 4937 568 5005 Paulus
584 4936 623 5002 de
644 4937 742 5090 Volig'a
1478 4933 1603 5001 Relatio
1619 4932 1761 5019 ejusdem
1776 4933 1879 5000 Pauli.

344 5022 642 5091 vicecancellarius
660 5045 696 5091 su
720 5023 862 5111 scripsit
