5409 6309
1012 852 1327 976 faor-

361 1051 517 1136 Actum
538 1059 582 1135 et
604 1053 749 1137 datum
769 1053 813 1134 in
834 1052 1002 1164 Bython
1021 1054 1065 1136 in
1088 1056 1155 1138 die
1176 1055 1376 1146 undecim
1395 1055 1510 1140 milia
1529 1057 1753 1170 uirginum.
1790 1058 1916 1147 Anno
1938 1063 2014 1150 do·

359 1173 459 1255 mini
478 1172 698 1259 ΜῦὈΟΟο
713 1175 988 1286 nonagesimo
1008 1176 1200 1297 septimo.
1459 1227 1462 1231 Δ

1052 1613 1328 1733 ClellllV.

602 1801 1076 1956 sactae-meme
1101 1869 1418 1965 Novcnrbrd,
1436 1867 1583 1957 1399
1601 1890 1767 1958 canc.

395 2088 688 2163 vladislaus
720 2090 930 2179 lagano
944 2091 1155 2266 rexgolppitalp
1172 2091 1290 2286 riplpp
1302 2090 1495 2276 aparentibus
1509 2091 1698 2167 mutuos
1712 2092 1828 2166 uuus
1841 2092 1979 2186 eludam

914 2231 922 2250 ·
1033 2212 1076 2266 m
1167 2211 1246 2267 sur
1345 2242 1353 2260 .

460 2379 719 2469 Wla‘dislaud
747 2383 840 2470 Rex
869 2384 1067 2470 Poloniae
1098 2394 1178 2467 etc.
1232 2383 1530 2499 significamus
1553 2393 1632 2466 etc.
1684 2380 1810 2483 Quod
1830 2383 1886 2470 ob
1908 2415 2011 2474 con·

355 2504 508 2586 stantis
529 2501 744 2585 fidelitatis
765 2507 933 2608 merita,
956 2514 999 2588 et
1020 2504 1130 2586 clare
1161 2505 1356 2615 puritatis
1381 2504 1681 2606 constantiam,
1704 2501 1858 2615 quibus
1880 2506 2008 2594 Cives
2058 2506 2069 2528 ‘

358 2630 401 2703 et
419 2621 582 2706 incolae
611 2635 778 2707 nostrae
812 2621 1008 2709 Civitatis
1038 2622 1254 2706 Biccensis
1276 2651 1419 2708 coram
1438 2633 1608 2708 nostrae
1629 2622 1864 2716 Maiestatis
1885 2655 2011 2735 prae·

355 2742 494 2824 sentia
533 2741 756 2852 plurimum
796 2743 1066 2852 placuerunt,
1089 2754 1131 2824 et
1150 2744 1192 2823 in
1212 2751 1427 2851 posterum
1463 2752 1591 2826 aucto
1622 2740 1835 2825 fidelitatis
1872 2747 2011 2834 studio

352 2862 636 2969 praestantius
669 2862 722 2944 ad
753 2863 1021 2947 serviendum
1061 2862 1183 2946 nobis
1225 2861 1405 2943 fideliter
1426 2889 1471 2943 se
1492 2860 1667 2943 reddere
1708 2861 1874 2969 possint
1913 2864 2011 2977 (sic)

351 2980 645 3089 promptiores,
667 2979 831 3065 Horum
850 2983 1004 3064 intuitu
1024 2982 1242 3089 cupientes
1263 3006 1407 3063 eorum
1427 2980 1596 3086 inopiae
1616 2977 1852 3085 subvenire,
1873 2988 1916 3060 et
1937 3010 2011 3068 eos

351 3098 546 3206 specialis
568 3098 732 3208 gratiam
752 3100 1052 3211 praerogativa
1071 3102 1334 3207 praevenire,
1355 3098 1634 3208 volentesque
1658 3126 1709 3181 ex
1730 3123 1780 3179 eo
1802 3099 2011 3188 conditio·

255 3225 261 3230 ’
351 3241 450 3296 nem
485 3218 729 3326 praedictae
764 3228 933 3302 nostrae
970 3216 1165 3304 Civitatis
1200 3217 1321 3302 Biecr
1357 3216 1448 3299 fieri
1468 3216 1700 3320 meliorem,
1720 3216 1822 3327 ipsis
1846 3218 2010 3326 damus,

350 3335 623 3418 concedimus
649 3336 963 3444 praesentibus,
985 3346 1027 3420 et
1044 3339 1256 3426 donamus
1276 3339 1321 3418 in
1342 3347 1385 3418 et
1406 3364 1531 3445 super
1552 3333 1746 3419 omnibus
1771 3342 1813 3416 et
1834 3338 2011 3449 singulis

348 3449 497 3538 incolis
520 3460 563 3535 et
583 3454 837 3539 suburbanis
851 3458 901 3538 in
922 3457 1170 3565 praedictas
1191 3465 1360 3541 nostrae
1384 3454 1578 3540 Civitatis
1600 3453 1721 3539 Biecz
1742 3450 1798 3569 (⁹)
1829 3483 2009 3566 genera-

348 3568 444 3653 liter
475 3570 688 3656 Suburbio
720 3572 1062 3659 cohabitantibus
1093 3576 1263 3686 plenam
1285 3586 1328 3659 et
1348 3575 1631 3660 omnimodam
1660 3569 1927 3680 facultatem,
1948 3579 2010 3662 ita

350 3690 467 3801 quod
486 3692 693 3800 praedicti
714 3694 876 3780 incolae
897 3704 940 3776 et
959 3692 1212 3799 suburbani,
1243 3692 1433 3802 suburbij
1467 3691 1662 3777 Civitatis
1683 3700 1854 3776 nostrae
1875 3695 2012 3799 Br‘ecz,

350 3808 407 3892 ad
425 3810 740 3921 requisitionem
762 3824 805 3895 et
823 3812 1070 3895 mandatum
1105 3812 1418 3923 praedictorum
1451 3810 1619 3896 Civium
1640 3809 1719 3894 sub
1743 3817 1889 3895 eo'rum
1920 3815 2008 3898 exi-

349 3938 509 4011 stentes
540 3931 716 4013 tuitione
747 3959 823 4042 pro
855 3933 982 4015 armis
1004 3942 1047 4014 et
1068 3944 1280 4016 armorum·
1308 3933 1448 4017 dictae
1478 3939 1647 4014 nostrae
1672 3929 1866 4015 Civitatis
1887 3930 2010 4020 Bieca

350 4046 586 4131 defectibus
621 4047 895 4134 reformandis
928 4049 1143 4154 laborare,
1165 4059 1208 4133 et
1227 4050 1393 4137 labores
1434 4049 1574 4133 facere
1614 4052 1769 4133 totiens
1805 4051 2007 4160 >quotiens

349 4177 632 4276 opportunum
666 4165 811 4274 fuerit,
834 4162 944 4253 'sunt
979 4170 1160 4274 astricti,
1202 4197 1333 4253 censu
1354 4179 1397 4252 et
1415 4169 1576 4252 iuribus
1597 4169 1752 4253 nostris
1772 4166 2007 4280 Regalibus

349 4286 554 4393 duntaxat
590 4290 792 4397 exceptis.
844 4286 981 4389 Quem
1019 4287 1187 4401 quidem
1226 4316 1397 4373 censum
1433 4291 1476 4371 in
1514 4288 1713 4398 predictis
1750 4286 2003 4375 suburbanis

348 4411 472 4490 more
485 4406 606 4490 solito
628 4416 826 4491 exactum
845 4436 923 4518 pro
943 4407 1067 4492 nobis
1090 4418 1133 4491 et
1151 4409 1283 4490 nostri
1305 4408 1516 4517 Thesauri
1539 4401 1740 4510 utilitate,
1777 4407 1897 4490 annis
1919 4411 2004 4493 sin·

348 4524 459 4635 gulis
479 4523 672 4609 volumus
692 4553 919 4611 reservare.
971 4524 1103 4642 Vobis
1123 4527 1253 4638 igitur
1274 4525 1469 4612 omnibus
1494 4536 1536 4609 et
1555 4526 1730 4639 singulis
1751 4524 2007 4613 suburbanis

454 4762 493 4842 (¹)
515 4760 568 4826 Ex
583 4759 829 4826 confirmatione
881 4758 1023 4845 ririlegii
1050 4782 1110 4847 per
1138 4780 1249 4844 regem
1279 4757 1524 4842 sigismundum
1552 4760 1739 4845 Augustum
1769 4756 1820 4823 dic
1838 4759 1875 4823 il
1894 4760 2006 4828 Martii

351 4847 434 4912 1564
448 4868 478 4910 a.
494 4845 582 4925 data,
597 4842 829 4912 Muczkcwski
867 4845 1029 4996 ascripsit.
1068 4842 1281 4911 Confirmatio
1301 4865 1380 4910 vero
1396 4843 1650 4995 intransumpto
1673 4843 1839 4911 invonitur
1861 4846 2006 4934 ejusdem
2047 4899 2053 4908 .

196 4965 201 4972 ·
349 4953 438 5021 regis
454 4930 594 4998 inlibris
609 4929 778 4997 Tabularii
792 4928 900 5030 Regni
914 4955 959 5031 pu
983 4929 1040 5030 lici
1059 4929 1228 5017 „Metrylri
1242 4929 1422 5008 koronne,”
1439 4928 1537 4996 dictis
1548 4952 1592 4996 vc
1606 4977 1615 4996 .
1628 4933 1681 5006 98,
1697 4950 1773 5028 pag.
1787 4931 1858 4995 135.

453 5016 492 5097 Ρ)
515 5017 611 5086 Birra
623 5017 713 5096 urbs,
732 5039 790 5085 sue
806 5037 951 5105 regroms
966 5015 1044 5083 clrm
1060 5027 1172 5103 capnt,
1188 5014 1357 5086 castellani
1370 5011 1507 5083 minoris
1523 5014 1630 5094 sedes,
1647 5035 1734 5080 nunc
1747 5037 1796 5182 rp6
1799 5013 1948 5083 Galilaia

452 5120 534 5163 rom
547 5119 586 5163 ru
