5409 6309
1376 840 1423 861 -
1476 796 1654 893 3485-

686 1000 877 1102 scabiei
896 1002 1149 1124 Sigillorum-
1171 1000 1409 1119 nostrorum
1446 996 1647 1093 ‘Abbatis
1666 999 1988 1093 et···Oonventus'
2020 1000 2341 1121 'praesentum'

685 1134 915 1221 munimine
949 1130 1123 1214 fecimus
1159 1130 1357 1215 roborari.
1409 1127 1564 1212 Actum
1597 1138 1641 1211 et
1668 1126 1814 1209 datum
1835 1126 1878 1209 in
1897 1125 2152 1214 Monasterio
2189 1142 2339 1218 nostro

687 1253 927 1365 Tynecensi
977 1252 1194 1361 praedicto
1236 1250 1278 1330 in
1317 1248 1466 1358 vigilia
1510 1242 1951 1361 'commaculetis
1995 1246 2120 1331 Anno
2169 1249 2339 1337 Domini

682 1373 738 1458 M.
763 1371 889 1458 OOO.
911 1368 966 1454 X.
989 1369 1038 1457 O.
1056 1369 1111 1454 ΙΙ.
1162 1366 1460 1453 Praesentibus
1481 1366 1701 1451 Nobilibus
1720 1376 1769 1448 et
1791 1366 1998 1449 Discretis
2014 1368 2113 1449 viris
2133 1366 2336 1453 Dominis:

654 1504 660 1508 ’
683 1491 892 1579 Michaele
914 1489 1094 1574 Rectore
1114 1488 1333 1573 Ecclesiae
1356 1484 1503 1570 Sancti
1525 1477 1687 1570 Nicolai
1709 1480 1910 1593 Suburby
1931 1484 2243 1592 (traconensis,
2264 1488 2339 1571 Ni·

684 1611 802 1696 colao
823 1607 1021 1692 Andreae
1043 1607 1140 1721 (sic)
1164 1600 1216 1690 d'e
1245 1600 1411 1688 Wialicc
1433 1604 1538 1691 Cive
1555 1605 1845 1705 Cracovieusi,
1863 1604 2033 1689 Andrea
2048 1604 2228 1689 Joaunis
2238 1606 2338 1718 (sic)

684 1732 736 1814 de
757 1726 1009 1836 Konczyslca,
1031 1726 1215 1812 Jascone
1240 1724 1291 1805 de
1321 1721 1578 1806 Wroblowicc
1608 1725 1882 1826 haeredibus,
1912 1720 2086 1809 Nicolao
2117 1720 2338 1821 Benedicti

685 1850 738 1933 de
761 1845 933 1947 Sloziao,
954 1847 1129 1931 Nicolao
1150 1844 1328 1929 Joannis
1352 1845 1405 1926 de
1426 1842 1618 1954 Brzen‘ay
1639 1841 1920 1946 Gneznensis,
1956 1838 2130 1929 Nicolao
2150 1844 2337 1928 Martini

685 1971 738 2053 de
760 1956 921 2049 Lelown
943 1966 1253 2067 Oracoviensis,
1286 1961 1456 2048 Simone
1477 1962 1641 2047 Nicolai
1662 1964 1713 2045 de
1744 1960 1956 2044 Wrienatct
1978 1962 2335 2048 Wratislaviensis

684 2088 968 2172 Dionecessos
1004 2085 1192 2195 Notarys
1222 2083 1404 2195 publicis
1437 2080 1488 2166 ac
1520 2084 1610 2194 alys
1646 2098 1776 2192 quam
1811 2081 1999 2192 pluribus
2036 2082 2218 2166 testibus
2252 2081 2340 2167 fide

687 2194 837 2319 dignis

1385 2645 1642 2761 Cbllllllll.

1011 2903 1425 3008 (cracoviael-
1438 2906 1509 3047 11ι
1521 2836 1668 3008 «lum
1686 2900 1833 3039 1392
1850 2922 2015 2988 anno.
2154 2942 2159 2951 ·

711 3123 825 3202 labilis
837 3126 1036 3219 nucem,
1051 3126 1159 3199 relicte
1173 3125 1319 3217 saphan
1339 3124 1416 3197 civis
1437 3123 1653 3212 tunnensis,
1674 3140 1743 3197 eun
1756 3122 1819 3198 llio
1833 3141 1889 3197 sue
1904 3122 2072 3210 trutina,
2086 3120 2208 3197 bum
2222 3139 2311 3197 enen

1182 3227 1331 3319 uptun
1345 3229 1511 3303 Junemo
1524 3227 1639 3321 iubeo
1667 3228 1773 3301 tulit
1789 3232 1812 3310 (¹
1816 3232 1840 3309 )

788 3436 878 3526 Sub
899 3437 1023 3524 Anno
1046 3436 1200 3522 domini
1221 3432 1436 3520 millesimo
1458 3432 1798 3575 Trecentessimp
1829 3434 1983 3551 Nonag
1986 3437 2114 3520 esimo
2138 3432 2336 3522 Secundo

658 3566 661 3567 ’
685 3558 789 3643 feria
809 3558 912 3645 Sext
894 3569 939 3645 ta
958 3558 1148 3669 proxima
1166 3567 1264 3666 post
1285 3554 1438 3638 festum
1467 3542 1584 3638 beati
1603 3553 1803 3667 procopij.
1852 3555 2067 3640 Judicium
2087 3554 2168 3638 fuit
2186 3554 2336 3639 banni-

684 3690 776 3762 tum
797 3709 871 3789 per
891 3678 1159 3761 Aduocatum
1180 3676 1400 3761 Nicolaum
1424 3670 1617 3760 Schafl'er
1637 3682 1680 3756 et
1701 3672 1907 3760 Scabinos
1938 3677 2170 3760 submissos
2189 3674 2334 3757 videli-
2340 3711 2342 3714 ’

584 3796 586 3799 ’
685 3794 771 3880 cet.
817 3794 1038 3881 Nicolaum
1060 3794 1262 3879 Flenczer
1283 3793 1313 3878 J
1316 3794 1522 3879 ohannem
1542 3790 1780 3908 Puswange
1810 3794 2018 3906 Tylonem
2040 3790 2237 3879 Zatheler
2256 3793 2334 3879 Ni·

638 4012 641 4019 ,
684 3917 849 4000 calaum
885 3912 1091 4001 Grudner.
1129 3913 1369 3999 Johannem
1407 3911 1716 3998 Statschreiber
1749 3914 1919 3999 Petrum
1956 3910 2125 4022 Geytan
2159 3911 2334 3999 Petrum

683 4035 845 4148 Briger.
869 4033 1031 4146 Oaspar
1062 4033 1221 4147 Orugil.
1253 4031 1465 4116 ‚Iacobum
1497 4016 1832 4117 Tewdimewdir
1862 4033 2086 4119 Nicolaum
2118 4026 2337 4119 Gemelich

687 4165 730 4239 et
749 4152 971 4241 Nicolaum
988 4154 1082 4239 Plat
1082 4155 1212 4237 hener
1229 4151 1383 4237 Coram
1405 4177 1490 4260 quo
1512 4149 1542 4235 J
1544 4150 1682 4238 udicio
1698 4150 1860 4239 Nobilis
1882 4152 2049 4237 domina
2063 4152 2337 4265 Margaretha

684 4277 831 4361 relicta
853 4275 1066 4385 quondam
1090 4272 1400 4471 Scepanconist
1402 4281 1444 4354 et
1462 4268 1713 4356 Franciscus
1749 4272 1916 4356 filius
1881 4300 1968 4355 elus
1988 4272 2219 4384 legittimus
2238 4269 2337 4384 (sic)

684 4397 777 4507 ipso
799 4393 882 4482 filio
902 4422 979 4481 sno
998 4421 1076 4507 pro
1096 4402 1234 4476 tutore
1254 4397 1427 4525 recepto
1447 4391 1761 4506 presencialiter
1791 4393 2007 4476 constituti
2029 4391 2232 4475 domum
2219 4416 2336 4501 ipso-

683 4545 776 4599 rum
805 4513 1013 4628 lapideam
1045 4539 1219 4649 paruam
1249 4518 1360 4596 retro
1390 4526 1589 4622 magnam
1619 4513 1805 4625 ipsorum
1825 4510 1996 4595 domum
2018 4537 2148 4621 quam
2166 4505 2334 4592 inhabi-

685 4643 779 4763 tant
797 4631 1163 4719 fimdamentaliter
1182 4629 1305 4715 sitam
1327 4659 1424 4715 cum
1444 4628 1602 4781 eisdem
1622 4630 1781 4715 iuribus
1801 4631 1936 4717 modis
1958 4639 2002 4713 et
2017 4627 2219 4715 limitibus
2240 4629 2336 4743 qui·

792 4891 1091 5044 l¹lArcbetyppp¹¹
1085 4864 1219 4981 purgm
1220 4918 1316 4961 οιιιιιιι
1284 4891 1713 4979 mridesepsiatslwilaik.
1749 4895 1917 4981 Reliquiae
1942 4904 2120 5015 tantuums
2122 4890 2334 4959 uttaeniclae

686 4976 1015 5070 ριμςιωειιιοὸἱςι
1107 4976 1205 5045 deest
1280 5028 1282 5033 -
