5409 6309
1103 786 1108 793 ‚
1374 774 1377 781 .

1376 824 1384 833 .

1607 860 1611 869 .

1075 852 1352 929 -m-

1161 968 1172 990 2

379 1056 542 1140 dabunt
560 1053 628 1138 vel
648 1079 725 1165 pro
746 1052 941 1165 quolibet
975 1050 1160 1137 Prandio
1194 1078 1273 1160 per
1303 1076 1379 1133 sex
1409 1058 1552 1135 scotos
1589 1073 1831 1159 grossorum
1868 1053 2045 1158 solvent
2065 1132 2071 1139 .

376 1200 644 1257 removemus
668 1198 869 1283 namque
889 1171 1049 1254 ibidem
1070 1168 1212 1254 omnia
1231 1166 1341 1250 Jura
1360 1166 1637 1270 Polonioalia‚
1673 1166 1886 1278 Angarias
1909 1180 1953 1254 et
1971 1200 2047 1280 pe-

376 1292 598 1401 rangarias
641 1288 981 1401 qualescunque,
1013 1289 1073 1368 ita
1095 1285 1214 1395 quod
1254 1283 1514 1370 Omethones
1557 1287 1695 1367 dictae
1733 1281 1865 1370 Villae
1903 1313 2045 1374 coram

377 1408 493 1490 nullo
529 1406 701 1490 dudicio
738 1405 966 1489 Polonicali
1001 1403 1257 1511 respondere
1294 1401 1564 1502 tenebuntur,
1585 1404 1666 1482 nisi
1688 1428 1830 1484 coram
1853 1403 2046 1488 Sculteto
2160 1486 2165 1499 ,

376 1524 571 1633 Ipsorum
602 1519 906 1604 Theutonicali
938 1517 1044 1603 dure
1075 1518 1295 1628 praedicto
1329 1502 1668 1628 respondebunt,
1690 1516 1908 1602 Scultetus
1945 1549 2046 1605 vero

378 1667 523 1725 coram
557 1635 692 1724 Nobis
706 1645 788 1737 aut
809 1645 952 1743 nostro
989 1634 1147 1718 Judioe
1184 1635 1487 1720 Theutonicali
1523 1633 1629 1718 dure
1652 1662 1737 1746 quo
1760 1664 1909 1746 supra,
1947 1639 2046 1722 dum

233 1850 236 1859 Δ
378 1767 522 1840 tamen
542 1781 619 1864 per
638 1767 826 1841 nostram
846 1754 1035 1838 Literam
1056 1753 1182 1836 fuerit
1214 1755 1390 1867 citatae,
1425 1753 1640 1836 tenebitur
1673 1754 1942 1862 respondere.
1995 1757 2046 1843 ln

379 1874 521 1957 causis
543 1883 686 1962 autem
709 1872 1010 1959 Criminalibus
1033 1872 1364 1982 quibuscunque
1384 1872 1555 1983 Magnis
1576 1872 1646 1955 vel
1664 1875 1807 1978 parvis
1829 1873 2046 1979 praedicto
2167 1894 2169 1905 ’

332 2044 334 2049 -
380 1991 574 2077 Sculteto
596 2000 639 2075 et
662 1991 760 2076 Suis
798 1991 1126 2101 Suocessoribus
1156 1989 1281 2098 juxta
1316 1986 1463 2100 Ipsum
1484 1989 1564 2073 dus
1587 1985 1904 2073 Theutonioum
1924 1990 2049 2099 'judi-

357 2108 524 2210 oandi,
545 2109 855 2193 condemnandi
877 2118 920 2190 ct
938 2108 1141 2218 puniendi
1178 2108 1327 2191 damus
1350 2106 1637 2193 attribuimus
1670 2107 1954 2196 omnimodam
1970 2108 2048 2203 ,fa-

291 2226 305 2339 ‚'
380 2226 594 2309 cultatem.
646 2226 891 2338 Excipimus
912 2236 1055 2310 tamen
1078 2225 1197 2335 quod
1219 2226 1359 2308 dictus
1381 2223 1598 2310 Scultetus
1620 2235 1664 2308 et
1683 2227 1846 2309 Posteri
1866 2226 1970 2335 Ejus
1992 2228 2068 2312 ad„

380 2343 613 2456 quamlibet
633 2346 943 2454 expeditionem
965 2343 1205 2455 generalem
1227 2372 1325 2426 cum
1345 2371 1430 2430 uno
1453 2345 1621 2429 homine
1653 2342 1833 2432 Galeato
1847 2352 1900 2427 -et
1920 2344 2049 2455 Equo
2141 2360 2143 2363 ’

380 2464 493 2547 bono
529 2464 741 2546 tenebitur
775 2465 945 2552 servire.
995 2463 1044 2544 In
1077 2462 1197 2570 cujus
1217 2464 1277 2544 rei
1297 2465 1582 2547 testimonium
1620 2464 1821 2548 Nostrum
1856 2461 2050 2574 Sigillum

379 2582 681 2665 Praesentibus
716 2582 912 2663 duximus
950 2581 1293 2691 appendendum.
1356 2582 1519 2664 Datum
1553 2580 1765 2664 Crooooioc
1786 2583 1829 2662 in
1852 2577 2051 2664 Crastino

382 2699 530 2785 Sancti
550 2699 771 2781 Michaelis
792 2699 1066 2810 Archangeli.
1118 2698 1242 2783 Anno
1273 2699 1445 2784 Domini
1475 2698 1694 2783 Millcsimo
1717 2697 2049 2801 Trecentesimo,
2102 2778 2103 2783 ι
2146 2688 2152 2699 ’

382 2813 721 2927 Quadragesimo
754 2814 933 2902 Octavo.
985 2818 1291 2911 Praesentibus
1311 2818 1377 2900 his
1401 2817 1619 2900 Testibus:
1651 2818 1868 2901 Hermano
1889 2818 2049 2901 Procu-

380 2944 518 3020 ratore
541 2934 759 3040 Generali‚
795 2936 1044 3021 Wilozkone
1080 2933 1430 3039 Sandomiriensi,
1467 2935 1564 3018 Vito
1588 2937 1642 3016 de
1661 2933 1849 3017 Poloar'ce
1871 2932 1926 3044 (³)
1964 2934 2049 3019 Oa·

382 3054 588 3156 atellanis,
618 3051 813 3137 Floriano
847 3052 1114 3136 Cancellario
1146 3051 1436 3155 Lanciciensi,
1456 3052 1634 3136 Nicolao
1657 3052 1710 3132 de
1731 3051 1884 3149 Bibicz,
1907 3060 1951 3132 et
1971 3051 2050 3135 Ja-
2101 3102 2107 3113 ·

381 3172 519 3254 roslao
541 3168 733 3252 Plcbano
756 3170 808 3251 de
832 3171 1018 3255 Oivitate
1038 3170 1245 3252 Boolrmoo
1262 3166 1316 3282 (⁴)
1340 3179 1384 3252 et
1406 3171 1496 3255 aliis
1518 3171 1659 3252 multis
1680 3167 1766 3251 fide
1789 3170 1942 3280 dignis.

474 3454 531 3536 (⁸)
553 3450 657 3536 Apud
677 3444 968 3517 Wolanrciuml.
950 3474 979 3516 c.
996 3450 1162 3551 legitur,
1165 3452 1257 3533 ,Viro
1275 3452 1315 3518 de
1333 3451 1510 3519 Ροῖαιιειι.η

487 3537 527 3618 (⁴)
550 3534 652 3620 Apud
668 3535 896 3601 Wolanscium
908 3537 1070 3602 verbum
1061 3546 1224 3602 incertum
1240 3546 1303 3636 est,
1319 3539 1470 3618 Barnun,
1482 3538 1536 3602 vel
1551 3534 1674 3646 aliquid
1687 3500 1805 3610 simile.
1838 3535 1984 3602 Verbum
1999 3549 2052 3603 est

382 3621 620 3703 abbreviatum,
636 3629 670 3684 et
684 3618 770 3685 hanc
786 3619 829 3685 oh
844 3640 975 3687 causam
990 3620 1167 3686 Woladski
1207 3620 1524 3708 onitinparenthesi
1541 3622 1750 3701 Cosimin'am,
1776 3619 1881 3709 legit
1871 3620 1973 3721 igitur
1990 3622 2050 3691 sio:

383 3704 610 3791 „etJaroslao
626 3702 767 3794 plebano
784 3704 824 3771 de
841 3702 974 3777 civilate
990 3644 1286 3797 (Karimirial’etc.
