5409 6309
1348 807 1711 882 -414-‘

663 1015 828 1123 penitus
848 1009 1115 1115 reseruando,
1135 1035 1211 1121 pro
1231 1010 1489 1122 sexingentis
1509 1008 1662 1094 marcis
1682 1008 1881 1093 videlicet
1915 1009 2114 1093 trecentis
2149 1010 2310 1098 medio·
2372 1067 2377 1074 ·

660 1149 752 1216 rum·
773 1157 1012 1243 grossorum
1034 1138 1078 1212 et
1096 1130 1285 1214 tricentis
1306 1132 1457 1218 marcis
1486 1129 1676 1214 comunis
1697 1139 1865 1215 monete
1897 1127 2008 1213 bene
2045 1129 2175 1213 electe
2211 1158 2306 1215 cra·

569 1295 571 1303 1
663 1252 868 1337 couiensis
890 1250 1051 1331 numeri
1071 1248 1317 1359 poloniculis
1339 1249 1540 1354 consueti,
1561 1246 1701 1333 Nobili
1722 1248 1890 1334 domino
1906 1249 2032 1334 Petro
2055 1249 2105 1330 de
2130 1244 2306 1331 06661166-

668 1369 753 1451 uice
773 1367 982 1451 heredi-et
1001 1368 1133 1475 ipsius
1155 1370 1334 1478 posteris
1349 1369 1569 1480 legittimis
1591 1369 1633 1448 in
1652 1375 1788 1451 totum
1823 1368 2015 1452 vendidit
2036 1375 2080 1449 et
2099 1368 2306 1477 imperpe-

662 1499 782 1570 tuum
795 1486 1049 1597 judicialiter
1068 1489 1303 1599 resignouit
1322 1516 1399 1596 per
1419 1491 1557 1599 ipsum
1576 1485 1747 1571 Petrum
1771 1487 1905 1570 dictas
1932 1493 2075 1598 partes
2096 1486 2309 1574 heredito-

660 1616 750 1690 tum
768 1607 987 1711 tenendas,
1016 1606 1247 1712 habendas,
1277 1605 1550 1713 utifruendas,
1584 1605 1842 1712 vendendas,
1879 1608 2214 1710 commutandas,
2235 1605 2311 1689 do·

662 1725 1092 1811 nandas‘elienandas
1115 1728 1220 1810 etin
1239 1753 1341 1809 usus
1364 1754 1464 1813 suos
1487 1735 1529 1808 et
1551 1752 1694 1810 eorum
1709 1727 2002 1811 successorum
2018 1724 2311 1836 beneplacitos

662 1844 794 1930 libere
816 1849 1136 1960 copuertendas
1155 1848 1402 1958 promittens
1424 1845 1605 1932 eundem
1642 1844 1856 1930 dominum
1889 1845 2061 1932 Petrum
2099 1844 2314 1931 Ozcicow·

664 1964 769 2074 szkij
791 1964 889 2079 (sic)
924 1994 1010 2051 una
1046 1996 1142 2050 cum
1176 1968 1352 2055 Nicolao
1391 1968 1443 2051 de
1468 1963 1709 2082 Gnewcczyn
1742 1966 1891 2051 marito
1933 1992 2009 2053 suo
2044 1964 2235 2076 predicto
2256 1961 2312 2047 ab

665 2085 857 2170 omnibus
879 2083 1188 2195 impedimentis
1209 2097 1340 2197 atque
1363 2087 1568 2198 dampnis,
1591 2084 1873 2201 quarumlibet
1892 2111 2163 2196 personarum
2185 2109 2312 2170 occa·

663 2202 780 2295 sione
799 2204 1097 2313 premissorum
1116 2208 1234 2291 iuxta
1255 2208 1604 2300 consuetudinem
1623 2213 1862 2289 terrestrem
1883 2205 2198 2289 cracouiensem
2216 2202 2313 2287 ubi·

662 2319 767 2404 libet
786 2322 1046 2408 intercedere
1069 2336 1112 2410 et
1129 2325 1322 2410 releuare
1340 2326 1466 2411 ambo
1488 2328 1683 2412 manibus
1706 2326 1939 2408 coniunctis
1967 2319 2247 2407 fideiubentes
2270 2329 2313 2406 et

661 2444 965 2549 promittentes,
984 2471 1094 2528 unus
1114 2471 1189 2556 pro
1209 2445 1370 2556 reliquo
1393 2445 1554 2529 scilicet
1576 2443 1804 2533 Schuchna
1838 2444 2030 2554 predicta
2065 2442 2310 2552 promerito

662 2586 739 2643 suo
759 2559 950 2668 Nicolao,
973 2571 1017 2645 et
1035 2563 1149 2647 idem
1167 2564 1370 2649 Nicolaus
1389 2591 1466 2673 pro
1488 2566 1582 2675 ipsa
1603 2564 1772 2652 domine
1808 2561 2036 2649 Schuchna
2066 2588 2197 2645 uxore
2232 2587 2312 2663 suo

662 2686 883 2790 protegere
919 2683 1141 2767 occasione
1176 2683 1459 2794 predictarum
1494 2684 1785 2770 hereditatum.
1831 2683 1881 2766 In
1903 2684 2023 2767 cuius
2042 2682 2102 2767 rei
2122 2682 2312 2766 testimo·

662 2797 779 2880 nium
799 2800 935 2911 sigilla
954 2811 1100 2886 nostra
1119 2801 1386 2912 presentibus
1417 2813 1518 2887 sunt
1547 2831 1747 2917 appensa.
1799 2801 1960 2888 Actum
1980 2811 2023 2885 et
2042 2801 2186 2885 datum
2210 2796 2309 2885 Cru-

663 2915 771 2997 66616
790 2914 895 3004 feria
914 2923 1103 3005 secunda
1118 2919 1230 3006 >infru
1250 2932 1427 3008 octauas
1450 2923 1646 3034 Oorporis
1670 2920 1797 3009 Oristi
1818 2949 1928 3007 anno
1951 2920 2104 3007 domini
2139 2918 2309 3003 millesi-

662 3061 730 3118 mo
753 3038 1168 3158 quadringentesimo
1189 3043 1398 3126 tricesimo
1419 3069 1542 3128 nono.
1579 3040 1852 3128 Presentibus
1888 3042 1968 3151 hijs
1988 3041 2141 3125 validis
2163 3068 2215 3123 ac
2235 3063 2311 3122 no-

661 3152 818 3239 bilibus
841 3158 1019 3244 dominis
1054 3162 1180 3248 Petro
1218 3160 1463 3247 Saffianecz
1485 3164 1537 3247 (16
1558 3160 1820 3272 Pyescbcowa
1841 3158 1954 3244 zitula
1975 3157 2072 3272 (sic)
2094 3186 2315 3242 succame·

662 3277 773 3361 rario
802 3279 1085 3386 cracouiensi,
1125 3280 1302 3367 Nicolao
1338 3283 1392 3365 de
1430 3276 1633 3365 Czcihorru
1673 3279 1915 3376 Oastellano
1957 3279 2313 3377 Wladislauiensi,

668 3390 882 3483 Stanislao
918 3394 1075 3482 Czuikla
1112 3401 1163 3483 de
1188 3396 1309 3485 Contu
1330 3399 1658 3512 Vicecapiteneo
1696 3400 1979 3505 Oracouiensi,
2014 3398 2221 3486 Hancone
2259 3399 2313 3492 dc

671 3508 804 3596 Cbelm
822 3517 998 3603 Nicoloo
1023 3518 1319 3632 Sp'emtrzeneoz
1342 3518 1394 3603 de
1416 3519 1665 3627 Jarostowa,
1687 3519 1898 3609 Stanislao
1921 3519 1972 3606 de
1990 3519 2218 3631 Moycouice
2238 3519 2313 3602 he·
2335 3526 2339 3535 '

665 3632 848 3743 redibus,
869 3637 1044 3752 alijsque
1064 3638 1251 3752 pluribus
1271 3639 1510 3753 fidedignis.
