5409 6309
1064 848 1342 925 ...³31-

373 1050 486 1157 airis,
504 1046 706 1139 Johaum'
726 1050 779 1135 de
799 1052 969 1139 Tamne
991 1050 1232 1141 obulum
1260 1048 1591 1145 Seudomirisnsi
1608 1047 1847 1159 Spitbcone
1868 1047 2033 1145 Sabae·

374 1172 552 1257 monario
573 1168 850 1263 Oraeouiensi
870 1169 1098 1279 Dymittrio
1118 1172 1481 1259 vicetheaaurerio
1501 1167 1643 1281 Regni
1659 1168 1831 1255 Polonie
1851 1167 2033 1271 Imramo

375 1288 429 1372 do
449 1284 637 1391 Pteme,
659 1288 787 1375 Petro
807 1290 860 1372 de
884 1284 1031 1375 Cosloro
1053 1299 1097 1372 et
1117 1289 1324 1401 Sethegio
1346 1290 1398 1377 de
1421 1285 1604 1372 Chmelilc.
1655 1285 1884 1373 canonicis
1905 1286 2034 1375 Visli·

375 1406 609 1512 oiensihus,
631 1436 682 1492 ac
704 1408 796 1516 alijs
817 1406 960 1493 multis
981 1411 1136 1495 nostris
1156 1408 1355 1493 fidehbus
1384 1406 1625 1517 fidedignis.
1670 1405 1828 1493 Datum
1849 1434 1930 1518 per,
1943 1435 2034 1491 ma

374 1548 454 1609 nus
475 1526 732 1623 honorabilis
752 1528 830 1611 viri
851 1527 1008 1611 domini
1041 1526 1236 1615 Zaclicze
1270 1528 1472 1637 prepositi
1512 1523 1896 1619 Sandomiriensis,
1926 1523 2035 1617 Aule

377 1655 521 1733 nosue
544 1644 814 1756 Cancellarij.
1299 1676 1304 1685 ⁷

1123 2052 1295 2171 chxx.

497 2311 567 2393 ln
582 2308 725 2394 vitto
747 2308 1273 2416 wolberonem-11
1289 2304 1565 2396 sancero
1580 2304 1729 2397 1386
1748 2329 1915 2394 annot

764 2532 901 2625 usn·
917 2533 1033 2625 m
1049 2531 1408 2608 murenam
1421 2529 1581 2606 nune·
1596 2474 1649 2615 ‹⁵¹›

476 2738 518 2824 N
520 2768 567 2824 os
587 2738 771 2826 Wlodko
803 2741 1066 2853 Oapitaneus
1095 2742 1365 2827 Lublinensis
1402 2708 1552 2826 Petrus
1573 2737 1813 2825 ssahaneca
1835 2738 2036 2826 Subdab-

372 2883 444 2941 rus
457 2859 556 2972 (sic)
569 2859 879 2945 Cracouiensis.
917 2860 1116 2946 Nicolaus
1134 2860 1403 2947 Castellanus
1419 2857 1753 2944 nauichostensis
1771 2867 1813 2941 et
1829 2858 2035 2945 Oristinus
2148 2868 2155 2879 “

372 2987 490 3060 tutur
506 2977 605 3088 (sic)
620 2978 823 3063 Kaaimiri
843 2980 1001 3063 Notum
1030 2978 1209 3062 facimus
1240 2980 1446 3062 vniuersis
1464 2978 1731 3088 presencium
1752 2978 1951 3062 noticiam
1971 2979 2036 3060 in·

372 3097 582 3205 speeturis
612 3092 740 3196 Quod
768 3096 874 3180 feria
904 3099 1053 3207 quinta
1082 3096 1200 3181 *inira
1222 3095 1411 3181 Oetauas
1451 3095 1689 3207 Epiphania
1729 3095 1888 3181 domini
1907 3094 2034 3181 Anno

374 3215 565 3298 eiusdem
587 3215 742 3300 domini
763 3216 828 3299 Μο
849 3214 984 3300 000⁰
1002 3209 1332 3301 Lxxxr‘sexto
1364 3214 1782 3301 hdlnvietissimum
1802 3215 2035 3325 principem

373 3331 406 3417 J
407 3334 632 3446 epulonem
653 3334 722 3416 dei
744 3336 892 3446 gracia
906 3362 1114 3419 summum
1138 3336 1288 3419 ducem
1304 3335 1593 3440 Litvanorum,
1610 3343 1655 3417 et
1668 3331 1821 3418 ersie
1837 3332 2037 3419 heredem

373 3479 472 3536 cum
512 3450 805 3563 legacionibus
843 3453 1043 3538 nobilium
1083 3482 1305 3565 procerum
1346 3455 1551 3537 maiorum
1592 3454 1749 3564 pariter
1769 3462 1815 3537 et
1831 3453 2037 3539 minorum

373 3597 541 3659 necnon
561 3581 653 3655 tote
673 3575 988 3657 communitatis
1011 3573 1181 3686 Rengni
1203 3572 1301 3687 (sic)
1317 3572 1503 3657 Polonie.
1525 3579 1622 3656 cum
1641 3574 1769 3658 literis
1791 3571 2037 3657 credencia·

373 3688 485 3774 libus
522 3691 717 3774 videlicet
753 3689 1019 3777 Serenissimi
1052 3695 1252 3805 principis
1282 3693 1476 3776 Ladislai
1511 3692 1659 3776 eadem
1682 3693 1751 3776 dei
1772 3692 1920 3804 gracia
1940 3718 2037 3773 cum
2173 3700 2177 3715 '

375 3837 472 3913 una,
494 3818 537 3892 et
558 3810 787 3895 eorundem
806 3809 1009 3895 nobilium
1030 3822 1359 3925 mangnatorum
1381 3809 1480 3924 (sic)
1502 3811 1673 3922 Rengni
1692 3811 1900 3923 praedicti
1917 3809 2039 3895 litera

480 4073 521 4154 (Ι)
544 4070 672 4137 Tabula
686 4072 766 4139 haee
782 4076 893 4163 magni
908 4075 1061 4142 momenti
1076 4097 1142 4140 non
1158 4074 1201 4142 ad
1216 4073 1362 4139 codicem
1383 4073 1415 4137 di

379 4155 421 4221 ad
435 4165 538 4223 totam
552 4156 752 4257 Polonorum
767 4161 936 4245 antiquam
949 4161 1196 4258 Rempublicam
1211 4159 1365 4309 pertinet.
1385 4098 1600 4258 Ediditillam
1616 4159 1737 4256 nostris
1749 4160 1816 4243 jam
1831 4154 2035 4257 temporibus

379 4241 512 4308 carolus
534 4242 717 4341 Szapnocha
732 4268 764 4310 m
781 4267 880 4331 opere
902 4242 1077 4330 „Jadwiga
1091 4242 1103 4309 i
1116 4242 1282 4344 degreiffl
1308 4254 1395 4310 mter
1410 4242 1594 4309 addrnones
1609 4240 1704 4307 Tomr
1719 4241 1866 4317 secunde
1880 4264 1956 4393 iba&
1972 4241 2035 4306 393

1439 4072 1628 4138 lomaticum
1650 4071 1792 4139 Minoris
1806 4071 1963 4139 Poloniae
1977 4072 2036 4139 sed

377 4328 494 4392 -394,
531 4326 715 4413 Sannocha
729 4327 905 4418 descripsit
918 4331 1017 4403 illam,
1031 4340 1067 4394 ut
1081 4342 1197 4396 assent
1212 4352 1292 4428 mse,
1309 4350 1349 4395 ex
1367 4328 1536 4393 Thesauro
1554 4326 1728 4395 universal.
1765 4324 1871 4415 Regni
1911 4329 1935 4388 ⁰.
1951 4329 1984 4410 3,
1999 4325 2034 4392 id

376 4420 427 4477 est
441 4432 482 4476 ex
496 4411 589 4478 libris
602 4434 698 4477 mann
713 4414 847 4499 scriptis
873 4414 1096 4481 Bibliothecae
1121 4413 1349 4482 Ossohmanae
1379 4411 1605 4499 Leopoliensis
1632 4412 1733 4491 iconi.
1759 4411 1903 4499 ejusdem
1925 4411 2035 4497 operis

242 4530 244 4535 ·
379 4495 475 4572 211,
503 4521 536 4584 p.
553 4499 640 4578 311).
680 4496 746 4564 Sed
761 4496 968 4567 doctissimus
983 4497 1161 4567 Slawiriski
1175 4498 1289 4563 babuit
1302 4497 1337 4562 in
1353 4519 1415 4564 sua
1427 4519 1525 4561 manu
1540 4496 1741 4584 archetypon
1756 4495 2035 4562 membranaceum

377 4579 509 4648 tabulae
523 4581 637 4668 ipsius,
652 4581 721 4649 sine
736 4581 852 4668 sigillis
866 4594 985 4667 tamen,
1007 4581 1183 4667 docuitque
1206 4600 1277 4664 nos,
1300 4592 1442 4666 quatuor
1464 4581 1527 4648 tilis
1539 4581 1748 4669 pargamenis
1763 4580 1840 4647 olim
1858 4580 1965 4668 sigilla
1977 4603 2035 4669 ap·

378 4687 580 4839 opemalbnda
600 4750 724 4839 grapho
740 4751 927 4822 Siawineoii
944 4750 1124 4818 invenimus
1145 4750 1310 4817 variantes
1325 4750 1484 4819 lectiones
1500 4760 1533 4818 et
1548 4749 1645 4818 ortho
1673 4750 1817 4838 raphiam
1832 4749 1938 4829 aliam,
1953 4774 2032 4836 pes-

378 4836 502 4905 simam.
575 4859 612 4914 as
627 4837 669 4902 oh
684 4839 785 4905 multa
805 4859 923 4904 causas
945 4835 1088 4903 tabulam
1109 4859 1223 4905 rursus
1242 4835 1332 4923 typis
1353 4852 1524 4905 exaramus
1540 4860 1580 4903 ex
1595 4774 1775 4924 archetypo
1798 4835 2034 4905 Slawinaciano

378 4946 444 4988 non
459 4944 500 4988 ex
515 4920 720 5009 apographo,
735 4924 784 4990 uti
799 4922 992 5008 Szajnocha.
1031 4920 1106 5004 Sed,
1121 4921 1207 5011 proh
1221 4920 1324 4987 dolori
1352 4919 1440 4985 unde
1455 4919 1654 5011 descriptum
1671 4921 1716 4987 sit
1731 4919 1944 5021 apographon
1961 4920 2036 4989 sla·

378 5006 517 5090 widseii
532 5029 594 5076 noe
608 5005 698 5152 lantkeu
712 5009 886 5078 veridmile
900 5008 1104 5099 archetypon
1117 5016 1302 5077 “servatur
1322 5005 1515 5089 Steniptoiie
1530 5016 1588 5073 aut
1601 5006 1846 5173 Βιίὶονιηοέιι
1861 5005 2012 5078 Gallicis

532 5111 614 5154 M
