5409 6309
693 1064 784 1122 mm
819 1034 996 1147 germis
1015 1028 1061 1111 in
1074 1025 1312 1129 mmibmg
1334 1008 1602 1135 praedictam
1637 1018 1846 1112 caesam
1865 1023 2130 1111 discerneret
2144 1030 2367 1119 et'ditnde

663 1224 668 1235 .
691 1162 811 1239 esra
828 1175 884 1234 aa
895 1149 991 1231 ufinc
1008 1146 1157 1229 debito
1175 1146 1445 1247 terminaret,
1467 1144 1753 1226 commisimus
1772 1142 2062 1228 tedindem:
2106 1147 2207 1233 Lite
2236 1150 2368 1262 igitur

690 1296 838 1381 soram
858 1270 1218 1378 ipsouontoststa
1253 1265 1457 1372 praestito
1478 1263 1608 1344 etiam
1628 1260 1882 1346 duramento
1901 1261 1960 1344 ds
1980 1262 2163 1348 ven'tate
2184 1266 2365 1356 dicenda
2469 1306 2474 1315 “
2577 1228 2579 1235 ¹

690 1398 738 1473 et
752 1386 937 1471 testibus
954 1383 1177 1495 productis
1199 1392 1242 1465 et
1261 1383 1323 1462 eis
1339 1381 1576 1490 prudenter
1607 1380 1856 1467 examinatis
1888 1378 1944 1463 et'
1956 1381 2196 1469 solennitm
2217 1389 2364 1495 publi.
2414 1432 2417 1438 .

545 1584 548 1589 .
690 1507 824 1610 eatis,
860 1506 961 1589 uisis
996 1504 1127 1586 etum
1167 1499 1450 1611 positionibus
1473 1508 1516 1579 et
1535 1492 1882 1607 responsionibus
1914 1498 2014 1581 binc
2043 1500 2143 1584 inde
2161 1502 2299 1588 ¹iactis
2319 1517 2365 1590 st
2413 1586 2421 1599 ,

693 1627 811 1728 lane,
833 1622 1005 1706 ebbae
1025 1620 1555 1728 praedictomraeumsuo
1573 1614 1799 1701 Conventa
1822 1614 2086 1700 Sententiam
2106 1623 2366 1730 postulante

690 1733 867 1827 tandem
888 1750 937 1823 ut
956 1736 1060 1821 nihil
1087 1739 1151 1819 'de
1188 1736 1383 1844 predicta
1415 1734 1559 1821 Causa
1587 1760 1673 1816 seu·
1698 1732 2000 1818 Controversia
2033 1744 2272 1824 remaneret
2299 1745 2366 1825 ἐπ’»

695 1862 953 1960 discussum,
984 1854 1239 1940 Honorabili
1270 1852 1370 1938 Viro
1401 1855 1540 1937 Fratri
1558 1862 1703 1937 nostro
1723 1852 1906 1937 Domino
1932 1853 2095 1947 Sbiluto
2116 1857 2365 1966 Praeposito

691 1978 890 2064 Plocensi
920 1975 1209 2059 Decretorum·
1230 1970 1407 2054 Doctori
1429 1972 1647 2057 Canonico
1672 1970 2024 2059 Craeoviensiae
2041 1972 2190 2059 dudini
2210 1975 2363 2060 Curiae

694 2104 866 2180 nostrae
889 2092 944 2205 (³)
988 2092 1179 2173 dedimus
1215 2088 1259 2167 in
1294 2089 1529 2193 mandatis,
1559 2097 1608 2187 ut
1640 2118 1691 2171 ex
1723 2087 2090 2198 superabundanti
2131 2097 2366 2202 praemissa

696 2215 836 2300 omnia
856 2211 1115 2293 examinaret
1138 2218 1182 2289 et
1203 2232 1300 2287 cum
1324 2207 1680 2290 determinacione
1713 2205 1903 2291 Causam
1933 2209 2071 2315 ipsam
2108 2210 2363 2296 Definitivae

697 2333 943 2419 Sententiae
966 2326 1132 2410 calculo
1154 2326 1416 2427 terminaret,
1440 2326 1514 2432 qui
1536 2353 1635 2406 eum
1657 2324 1749 2432 alys
1771 2324 1919 2408 habito
1941 2350 2068 2435 super
2088 2329 2153 2410 his
2177 2330 2365 2440 diligenti
2384 2380 2394 2391 ·

695 2455 884 2545 tractatu
905 2455 948 2527 et
967 2447 1157 2556 ipsorum
1253 2469 1346 2527 rum
1383 2444 1693 2527 communicato
1726 2443 1923 2547 consilio,
1952 2443 2035 2525 Dei
2055 2447 2226 2529 nomine
2247 2450 2366 2533 invo-
2485 2542 2488 2549 ,

697 2576 808 2669 cate,
828 2565 1108 2648 Procuratore
1129 2560 1327 2644 Msoislao
1347 2561 1482 2671 ipsius
1499 2561 1682 2643 Abbatis
1701 2569 1744 2641 et
1760 2559 2008 2644 Conventus
2029 2562 2222 2675 legitimo
2244 2595 2365 2676 prae·

694 2691 837 2786 sarta,
873 2683 1028 2765 nostris
1063 2705 1166 2763 vero
1201 2677 1554 2762 Procuratoribus
1591 2679 1842 2789 absentibus
1865 2679 2024 2763 adhoc
2062 2683 2279 2790 deputatis
2310 2689 2365 2769 ad

663 2812 674 2864 -'
699 2802 954 2885 audiendam
991 2795 1256 2883 Sententiam
1276 2796 1573 2911 definitivam,
1613 2798 1765 2881 Citatis
1802 2807 1946 2878 tamen
1984 2799 2035 2880 de
2067 2809 2212 2887 nostra
2231 2813 2364 2888 'certa

660 2970 668 2987 ·
697 2920 893 3022 scientia,
917 2915 1158 3027 definiendo
1178 2918 1456 3020 pronuntiant
1477 2924 1528 2997 et·
1541 2917 1861 3022 pronunciando
1886 2914 2108 3022 definiunt,
2139 2917 2363 3003 Decimam

630 3106 633 3113 ,
695 3043 738 3122 in
757 3033 938 3141 Patarea
959 3034 1015 3119 ad
1034 3032 1275 3119 Ecclesiam
1295 3040 1340 3112 et
1361 3034 1417 3114 ad
1437 3033 1656 3145 Abbatem
1694 3033 1993 3143 Tynecensem'
2015 3065 2109 3117 una
2131 3064 2227 3120 cum
2249 3022 2376 3123 Con·¹

696 3164 826 3243 ventu
847 3182 924 3237 suo
947 3163 990 3238 et
1010 3152 1067 3237 ad
1086 3150 1289 3235 utilitates
1320 3150 1511 3263 ipsorum
1542 3154 1805 3237 omnimodas
1847 3152 2111 3353 temporibus
2150 3158 2365 3271 perpetuis

683 3268 916 3393 pertinere.
953 3274 1004 3356 In
1026 3273 1144 3354 cuius
1165 3271 1225 3351 rei
1247 3268 1535 3353 testimonium
1556 3271 1613 3355 ad
1636 3266 1891 3357 euidentiam
1912 3301 1939 3382 p
1959 3273 2145 3357 atriorem
2167 3270 2364 3387 Sigsslum
2508 3334 2516 3345 .

642 3470 646 3477 .
694 3390 884 3479 nostrum
935 3382 1246 3501 praesentibus.
1273 3396 1340 3469 est
1377 3416 1624 3499 appensum.
1661 3388 1835 3475 'Actum
1871 3404 1914 3471 et
1950 3386 2113 3473 Datum
2131 3386 2363 3475 ‘Croeoor'ue

686 3506 854 3615 'Quinto
875 3510 987 3593 Idus
997 3505 1260 3591 Decembris·
1282 3505 1408 3592 Anno
1439 3504 1610 3592 Domini
1641 3502 1866 3592 Millesimo
1889 3506 2209 3597 Trecentesimo
2232 3504 2365 3611 Quin·

685 3636 757 3743 ‘qu
820 3631 950 3712 esimo
972 3626 1132 3710 Tertio.
1193 3622 1498 3729 Praesentibus
1521 3624 1724 3735 Testib'us
1745 3623 1953 3710 Discretis
1975 3622 2104 3711 Viris:
2150 3624 2365 3727 Stanislao

692 3659 876 3832 Pubiico
897 3746 1091 3851 Notaric,
1124 3742 1301 3829 Cimado
1322 3744 1422 3859 (sie)
1456 3743 1729 3829 Cubiculario
1759 3738 1930 3829 Domini
1959 3744 2165 3863 Episcopi
2208 3742 2366 3833 Cracc-

546 3886 550 3893 ‘
697 3867 874 3971 'viensis7
893 3860 1138 3951 Theodrico
1161 3860 1347 3968 Clariae,
1365 3871 1409 3944 et
1430 3862 1520 3946 aliis
1541 3862 1683 3946 multis
1705 3862 1886 3957 testibus
1909 3862 1994 3949 fide
2017 3864 2169 3979 dignis.
2311 3975 2313 3977 Ι

773 4116 844 4223 1³)
866 4094 981 4212 myra
992 4120 1189 4278 polonice),
1199 4121 1408 4191 decretorum
1421 4122 1552 4207 doctor,
1565 4116 1776 4210 praepositus
1791 4122 1962 4233 pietensis
1977 4087 2099 4215 legitur
2114 4110 2280 4205 innostro
2297 4125 2366 4225 Co·
2462 4172 2465 4177 >

696 4206 770 4276 dice
785 4226 851 4291 um
862 4226 977 4281 menn
1023 4206 1266 4278 obmarlolttt
1281 4202 1338 4293 (Τ.
1355 4208 1397 4293 ΙΙ,
1414 4222 1491 4298 pag.
1507 4208 1567 4277 281
1584 4223 1619 4276 et
1633 4208 1739 4291 1350).
