5409 6309
1187 781 1541 872 ,νῆτ-

578 1002 647 1086 cia
666 997 768 1082 Dux
790 993 844 1079 de
866 991 970 1105 Opot
989 1017 1085 1073 cum
1107 987 1221 1074 omni
1240 988 1396 1072 milicia
1415 988 1626 1076 baronum
1646 1000 1757 1076 terre
1778 1020 1874 1077 mee
1895 998 2071 1084 consilio
2105 1006 2149 1082 et
2168 1001 2251 1091 bo-v

453 1199 455 1210 .
577 1149 635 1203 na
655 1143 752 1198 mea
774 1124 983 1196 eteorum
1004 1107 1218 1216 communj
1240 1110 1474 1214 uoluntate,
1496 1120 1683 1193 castrum
1717 1110 1819 1224 Opol
1849 1105 1944 1223 cepi
1973 1144 2095 1202 muro
2129 1120 2250 1202 edifi-

575 1265 675 1320 care
699 1241 742 1315 et
762 1229 906 1320 alciori
935 1226 1103 1309 innixus
1124 1227 1345 1311 ,baronum
1377 1255 1569 1311 meorum
1599 1229 1869 1316 hortamento
1899 1233 1943 1313 in
1976 1236 2249 1317 tractandum

574 1353 753 1448 utiliora.
788 1346 983 1444 Conueni
1004 1373 1102 1426 cum
1125 1344 1293 1428 Oomite
1325 1344 1546 1428 Clemente
1566 1375 1663 1431 meo
1691 1348 1804 1456 fidelj
1837 1359 1940 1430 tunc
1970 1352 2160 1458 palatino
2193 1354 2249 1436 de
2294 1427 2301 1432 .

577 1466 692 1581 0ροῖ.
724 1465 866 1576 taliter
888 1464 1007 1573 quod
1039 1472 1227 1545 castrum
1257 1490 1402 1543 meum
1431 1457 1670 1571 predictum
1702 1469 1807 1548 meis
1844 1469 2039 1573 expensis
2069 1497 2146 1575 per
2177 1499 2247 1552 me

573 1590 713 1699 ipsum
732 1575 964 1665 mediando
985 1580 1236 1689 perficerem
1259 1587 1303 1659 et
1324 1579 1482 1664 Comes
1505 1573 1692 1663 clemens
1709 1584 1982 1682 medietatem
1997 1586 2128 1694 ipsius
2144 1602 2246 1694 pro·

572 1703 674 1813 priis
712 1697 952 1810 sumptibus
1001 1705 1283 1781 consumaret.
1334 1696 1406 1779 Ad
1442 1699 1561 1779 cuius
1600 1703 1737 1810 operis
1778 1702 2031 1784 instanciam
2070 1700 2245 1784 fratrem
2297 1772 2300 1775 ,

574 1848 700 1904 suum
716 1844 967 1928 germanum
983 1815 1216 1898 Dominum
1246 1806 1498 1906 Virbetham
1521 1815 1819 1927 (Wierzbieta)
1852 1818 2009 1904 Comes
2042 1817 2240 1902 Clemens

572 1967 651 2047 pro
683 1963 763 2017 sua
783 1944 904 2043 parte
937 1932 1198 2041 perficienda
1228 1958 1373 2015 coram
1404 1932 1529 2016 nobis
1560 1943 1752 2016 statuens
1786 1937 1902 2044 operi
1930 1933 2121 2043 prefecit.
2153 1940 2246 2044 pari

573 2053 951 2163 utriusquepartis
973 2075 1197 2133 consenso.
1241 2046 1369 2147 Quod
1390 2047 1553 2131 factum
1582 2051 1680 2162 Ego
1712 2053 1813 2135 Dux
1832 2052 2014 2134 fideliter
2045 2053 2242 2134 determi-

573 2171 688 2279 nauj.
713 2180 755 2249 et
773 2168 961 2279 presenti
979 2168 1121 2250 littera
1152 2168 1207 2250 ad
1227 2175 1425 2276 posteros
1452 2196 1573 2253 meos
1607 2168 1927 2278 Commendauj.
1958 2171 2147 2252 Primum
2180 2179 2246 2254 est

574 2288 691 2406 quod
711 2315 788 2395 pro
808 2286 1004 2370 laborum
1025 2283 1265 2395 sumptibus
1288 2311 1399 2395 quos
1421 2286 1561 2368 dictus
1584 2286 1740 2371 (lomes
1764 2289 1817 2368 de
1837 2289 2009 2396 proprio
2033 2288 2243 2395 expendit.

573 2405 732 2511 contulj
758 2406 897 2486 eidem
919 2429 1131 2488 consensu
1152 2409 1196 2485 et
1216 2401 1393 2486 oonsilio
1425 2397 1614 2487 ‘omnium
1644 2433 1836 2490 meorum
1865 2406 2070 2490 nobilium
2099 2405 2242 2488 villam
2366 2473 2368 2482 .

571 2521 779 2607 aenodtia
799 2521 864 2633 (⁹)
886 2522 1072 2605 totaliter
1105 2528 1147 2601 et
1180 2521 1457 2629 integraliter.
1492 2530 1535 2601 et
1567 2524 1602 2601 si
1624 2524 1719 2632 quis
1752 2551 1887 2604 exea
1922 2522 2083 2633 aliquid
2116 2549 2245 2604 occu·

480 2731 485 2738 ‚
573 2649 756 2750 paueret
777 2628 928 2721 cedere
952 2637 1205 2720 deberet.'et
1224 2646 1313 2718 tam
1343 2646 1617 2744 patronatum
1644 2639 1739 2719 uille
1760 2667 1890 2748 quam
1913 2639 2049 2721 eciam
2080 2639 2242 2747 capelle
2368 2667 2373 2678 ·

455 2766 457 2770 ’
572 2757 712 2840 cidem
739 2756 968 2839 liberaliter
999 2754 1170 2864 contulj.
1209 2764 1253 2835 et
1276 2748 1425 2838 Chelad
1448 2753 1504 2865 (³)
1534 2753 1679 2836 uillam
1699 2784 1798 2836 cum
1832 2757 2069 2841 castoribus
2101 2765 2146 2836 et
2178 2755 2243 2837 fa·

571 2874 694 2956 miliis
718 2874 907 2956 eiusdem
927 2875 1053 2983 pleno
1074 2876 1163 2955 iure
1187 2900 1239 2953 ac
1262 2870 1417 2953 debitis
1449 2873 1638 2978 seruiciis
1661 2882 1704 2953 et
1725 2876 1918 2959 cumillis
1941 2870 2136 2957 omnibus
2167 2871 2240 2984 qui

572 2990 803 3102 aliquando
823 3003 997 3102 propter
1016 2991 1142 3074 famis
1166 2990 1370 3072 duriciam
1394 2999 1454 3071 cx‘
1468 2989 1620 3071 eadem
1639 2995 1909 3073 recesserant
1923 2994 1959 3073 si
1975 2989 2131 3072 alicubi
2150 2989 2243 3073 fue-

569 3110 654 3191 rint
687 3111 845 3218 reperti
878 3110 1133 3193 thabernam
1167 3110 1211 3190 in
1249 3108 1401 3189 eadem
1435 3109 1536 3190 uilla
1572 3107 1779 3191 concessi.
1831 3109 2064 3207 ‚Terminos
2100 3113 2247 3189 autem'
2346 3179 2362 3221 ·‚

568 3227 701 3335 ipsius
721 3226 820 3310 uille
841 3238 990 3311 notare
1012 3227 1169 3309 studui.
1206 3225 1410 3306 uidelicet
1439 3227 1514 3311 ubi
1544 3227 1674 3307 intrat
1705 3239 1833 3309 ossetc
1854 3225 1909 3338 (⁴)
1942 3228 2096 3311 fluuius
2129 3225 2244 3305 bren·

568 3342 724 3436 nictum
745 3340 800 3452 (ὅ)
824 3344 1012 3427 fluuium.
1053 3343 1286 3426 extendens
1305 3342 1630 3452 ‘longitudinem
1671 3370 1794 3426 suam
1822 3372 1958 3455 usque
1988 3345 2032 3423 in
2062 3346 2239 3449 pontem
2342 3397 2344 3403 ι
2380 3337 2417 3404 ι’

571 3456 695 3588 Gaclj
716 3458 814 3570 (sic)
846 3470 1073 3586 utrumque
1097 3461 1356 3544 concludens
1375 3460 1486 3544 litus.
1529 3460 1646 3588 Alias
1678 3479 1779 3545 vero
1812 3449 1933 3544 tinas
1962 3483 2070 3569 quas
2104 3456 2251 3538 eidem'

1200 3642 1203 3648 .
1351 3635 1359 3650 ἱ

510 3651 516 3664 ’
568 3711 707 3787 pensum
724 3688 876 3837 sigillum,
894 3691 987 3773 quod
1001 3683 1088 3756 nunc
1110 3690 1213 3758 deest.
1234 3692 1274 3758 In
1289 3693 1403 3758 archei
1428 3715 1473 3790 pp
1489 3715 1530 3757 ex
1545 3692 1648 3756 altera
1677 3700 1746 3755 arte
1761 3689 1912 3772 quisquis
1926 3686 2029 3753 seculi
2046 3687 2114 3754 XV
2132 3685 2240 3752 lector

502 3770 519 3794 '
568 3772 747 3857 scripsit..
783 3774 936 3848 azimirus
950 3775 1017 3839 dux
1026 3775 1065 3839 de
1082 3774 1171 3860 Opol
1185 3776 1276 3842 dedit
1291 3799 1388 3842 nemo
1426 3800 1460 3840 in
1476 3771 1926 3871 etCzeladz‘sedhocparvi
1941 3779 1993 3836 est
2003 3771 2159 3838 momenti
2170 3770 2240 3858 Co·

567 3855 847 3951 piamarchetypi
862 3858 1054 3922 habemusa
1068 3858 1263 3926 doctissimo
1280 3859 1477 3927 Slawinscio
1494 3852 1550 3939 qui
1565 3856 1675 3921 omnia
1688 3855 1863 3948 privilegia
1885 3855 2077 3919 monasterii
2093 3854 2240 3934 Staniat·
2288 3919 2296 3936 .

572 3959 685 4003 censis
701 3939 890 4023 descripsit,
907 3950 942 4004 ut
957 3950 1072 4005 nostro
1091 3942 1210 4009 Codici
1224 3944 1298 4008 usui
1313 3951 1436 4007 essent
1459 3939 1617 4022 Ejusdem
1632 3939 1780 4003 auctoris
1794 3940 1934 4003 maxima
1949 3962 1989 4003 ex
2003 3947 2098 4023 parte
2114 3947 2191 4005 sunt
2206 3947 2240 4003 et

567 4031 666 4085 notae
682 4021 722 4086 de
737 4021 814 4086 loc'o
830 4022 980 4087 villarum
997 4034 1031 4089 et
1045 4025 1174 4090 urbium
1202 4047 1284 4108 quae
1307 4027 1394 4088 infra
1419 4030 1604 4106 ponuntur:
1635 4020 1812 4088 Slawir'rski
1833 4022 1918 4094 hanc
1941 4023 1984 4086 ob
2007 4044 2138 4087 causam
2159 4043 2239 4087 usus

570 4112 622 4169 est
636 4107 874 4204 manuscripto,
891 4107 982 4190 quod
998 4108 1075 4172 olim
1086 4110 1121 4173 in
1134 4108 1334 4173 collectione
1349 4106 1508 4168 librorum
1523 4103 1709 4179 clarissimi,
1724 4116 1883 4191 regnante
1896 4105 2241 4193 stanislaosugusto,

555 4210 677 4261 ,rerum
698 4189 926 4273 polonicarum
941 4192 1118 4277 scriptoris
1133 4192 1256 4257 Felicis
1277 4189 1388 4272 Lojko
1406 4196 1609 4252 asservatum
1631 4196 1712 4251 erat:
1735 4189 1770 4252 in
1790 4189 1856 4254 hoc
1876 4190 2099 4275 manuscripto
2123 4188 2253 4256 ordine

566 4270 777 4357 alphabetico
793 4297 907 4339 omnes
923 4276 1022 4342 urbes
1035 4277 1198 4356 villaeque
1219 4272 1350 4352 antiqui
1365 4270 1468 4367 totius
1481 4269 1537 4366 ,Re
1565 4269 1597 4332 ni
1612 4270 1771 4354 Poloniae
1787 4271 1951 4361 leguntur.
2098 4267 2104 4278 ’
2120 4347 2125 4356 ,

586 4356 715 4506 booz
736 4357 923 4424 Nlemodlin
942 4355 1284 4440 hodichlokenberg
1298 4353 1457 4438 oppidum
1479 4376 1513 4418 m
1551 4362 1649 4458 ucetu
1675 4354 1860 4441 Opoliensi‚
1887 4356 2095 4425 occidentem
2110 4377 2238 4423 -versus

566 4462 586 4505 a
682 4463 744 4506 oe.
1353 4475 1357 4482 -
1688 4487 1690 4492 .

657 4463 713 4606 p(⁸)
737 4525 864 4593 Calcdz'
879 4527 922 4594 ad
937 4523 1072 4606 fluvium
1086 4520 1233 4606 Brynica
1247 4519 1406 4605 oppidum
1425 4503 1644 4591 Ilcussie'nsis¹
1659 4521 1821 4588 territorii
1836 4533 1870 4590 et
1884 4526 2045 4613 regionis,
2061 4522 2162 4591 hodie
2182 4522 2236 4591 si-

566 4608 668 4675 lesiae
682 4609 862 4686 finitimum.
1967 4635 1970 4638 1
2065 4639 2070 4646 ·

615 4689 620 4698 ’
639 4735 644 4740 ‚
668 4693 712 4775 (⁴)
737 4691 848 4761 Osscta
862 4692 971 4779 qualis
986 4688 1106 4755 fluvius
1127 4688 1181 4770 sit,
1198 4689 1378 4754 nescimus.

578 4815 585 4828 ·
666 4781 711 4861 (⁵)
731 4778 877 4866 Brynirc
893 4787 928 4845 et
948 4772 1037 4859 apud
1052 4771 1135 4840 alios
1155 4773 1339 4859 scriptores
1352 4775 1610 4843 Brenicahodie
1627 4775 1779 4845 Silesicm
1793 4798 1813 4841 a
1826 4775 1969 4850 Polonic
1983 4773 2111 4842 dividit.
2185 4765 2214 4809 '⁶
