5409 6309
1300 757 1527 858 -·’666
1581 822 1626 837 -

665 991 893 1078 cbcuiense
916 998 958 1071 et
976 984 1276 1071 Monasterium
1308 985 1362 1069 de
1394 983 1611 1094 Stoooatlty
1645 1010 1772 1096 super
1805 985 2027 1097 piscaturis
2049 995 2093 1070 et
2112 985 2312 1076 censibus

662 1140 715 1195 ex
735 1109 956 1192 antedictis
977 1105 1158 1189 lacubus
1178 1104 1535 1213 prouenientibus,
1554 1102 1836 1217 -Quapropter
1856 1133 1933 1192 nos
1955 1105 2136 1190 Michael
2153 1107 2313 1219 Prepe-

661 1230 765 1313 situs
786 1256 882 1309 cum
903 1226 1127 1311 Conuentu
1156 1236 1297 1310 nostro
1329 1224 1570 1333 Monasterij
1591 1225 1901 1312 Mechouiensis
1923 1226 1979 1307 ad
1999 1227 2224 1335 sopiendas
2246 1229 2311 1312 di·

661 1356 752 1450 ctas
772 1347 866 1430 lites
888 1357 931 1428 et
951 1344 1181 1430 discordias
1217 1371 1292 1453 pro
1328 1343 1441 1431 bono
1476 1348 1595 1452 pacis
1632 1371 1727 1427 cum
1766 1344 1998 1428 honorabili
2019 1375 2071 1428 ac
2092 1346 2309 1459 Religioso

659 1471 748 1552 uiro
771 1467 937 1550 domino
954 1464 1130 1547 Derslao
1151 1464 1364 1573 preposito
1388 1474 1429 1547 et
1449 1473 1662 1548 conuentu
1686 1490 1763 1548 suo
1785 1462 2026 1575 Monasterij
2049 1465 2101 1547 de
2123 1464 2311 1549 Stenost-

659 1583 710 1699 ky
732 1586 986 1669 antedictam
1024 1585 1332 1667 ordinacionem
1352 1612 1429 1692 per
1450 1573 1737 1667 intecessores
1769 1595 1932 1667 nostros
1954 1586 2015 1666 sic
2038 1593 2086 1667 ut
2106 1586 2312 1695 premitti·
2367 1623 2377 1690 ς

656 1697 726 1790 tur
746 1704 905 1788 factam
925 1730 1000 1814 pro
1021 1703 1296 1811 percepcione
1319 1701 1543 1786 utilitatum
1559 1731 1611 1786 ex
1627 1703 1749 1785 dictis
1770 1701 1949 1785 lacubus
1970 1705 2312 1813 proueniencium

533 1815 537 1820 ⁵
659 1825 895 1909 annulantes
927 1820 1036 1935 (616),
1068 1821 1340 1905 amicabiliter
1372 1822 1655 1906 ordinauimus
1687 1832 1730 1904 et
1758 1825 2025 1931 presentibus
2057 1823 2310 1929 ordinamus,

658 1943 775 2057 quod
794 1940 979 2053 prefatos
1015 1941 1214 2027 utilitates
1238 1970 1288 2023 ex
1308 1939 1480 2050 prefatis
1516 1940 1693 2024 lacubus
1727 1942 2053 2051 prouenientes,⁴
2068 1954 2116 2024 ut
2133 1945 2311 2053 premis·

657 2089 753 2145 sum
774 2071 839 2145 est
859 2059 981 2144 factis
1003 2062 1108 2142 etin
1129 2060 1252 2160 simul
1280 2062 1433 2144 iunctis
1455 2062 1738 2170 interpolatim
1760 2087 1837 2143 seu
1858 2060 2027 2144 alternis
2048 2061 2213 2146 uicibus
2236 2063 2310 2147 de·

653 2179 803 2267 b'emus
824 2183 1041 2290 percipere
1065 2189 1106 2261 et
1126 2181 1315 2289 optinere
1338 2178 1448 2292 (616),
1469 2179 1762 2263 116νί6611661.
1801 2181 1918 2290 quod
1937 2181 2051 2264 idem
2071 2184 2309 2304 prepositus

652 2299 894 2407 Monasterij
918 2300 970 2411 de
992 2296 1209 2407 Staaautlcy
1231 2307 1274 2379 et
1295 2318 1559 2383 successores
1591 2297 1656 2379 sui
1685 2325 1768 2382 uno
1800 2325 1910 2383 anno
1941 2325 2084 2383 omnes
2105 2300 2307 2386 utilitates

653 2446 706 2504 ex
725 2421 923 2530 predictis
943 2415 1125 2500 lacubus
1146 2418 1442 2525 prouenientes
1463 2420 1552 2500 siue
1572 2417 1616 2498 in
1636 2416 1861 2527 piscaturis
1883 2417 1974 2500 siue
1994 2418 2037 2498 in
2057 2419 2307 2506 vendiciona

651 2537 875 2622 habebunt
893 2535 1151 2647 percipiendi
1170 2535 1347 2656 liberam
1371 2545 1414 2620 et
1435 2536 1715 2621 omnimodam
1735 2535 2204 2646 potestatemSimiliter
2224 2540 2310 2627 alic'

652 2685 764 2742 anno
785 2684 861 2741 nos
883 2667 926 2739 et
946 2663 1212 2738 successores
1244 2657 1374 2738 nostri
1405 2683 1548 2740 omnes
1580 2656 1783 2739 utilitates
1804 2658 1959 2738 exiam
1982 2655 2103 2739 dictis
2124 2657 2307 2743 lacubus

652 2777 950 2888 prouenientes
982 2779 1072 2857 siue
1093 2774 1136 2854 in
1156 2776 1382 2883 piscaturis
1419 2776 1510 2857 siue
1529 2775 1572 2856 in
1592 2775 1839 2859 vendicione
1879 2771 2129 2859 habebimus
2168 2779 2307 2887 perci·

651 2896 795 3008 piendi
814 2894 987 2978 liberam
1007 2902 1049 2975 et
1065 2892 1344 2977 omnimodam
1366 2902 1630 3002 potestatem.
1661 2893 1720 2978 Et
1738 2895 1799 2977 sic
1820 2896 2091 3004 permutatim
2110 2897 2201 3005 ipse
2217 2925 2302 2984 uno

654 3040 777 3119 anno,
800 3023 843 3096 et
860 3032 936 3098 nos
958 3012 1037 3096 alio
1058 3010 1246 3121 prefatos
1266 3013 1385 3095 lacus
1408 3041 1504 3096 cum
1527 3012 1720 3098 omnibus
1754 3015 1940 3123 ipsorum
1961 3013 2209 3097 utilitatibus
2231 3017 2307 3099 de-

651 3133 802 3221 bemus
824 3142 1028 3244 perpetuo
1059 3132 1290 3240 possidere.
1341 3129 1622 3244 Prefatusque
1661 3141 1903 3217 contractus
1925 3134 2238 3234 seuordinacio
2258 3144 2330 3219 ut.

652 3252 903 3364 premissum
925 3261 990 3337 est
1009 3253 1116 3333 inter
1136 3243 1352 3334 nos'facta
1373 3250 1427 3334 ab
1449 3253 1638 3363 utrisque
1659 3249 1925 3359 Monasterijs
1946 3262 2089 3337 nostro
2111 3254 2307 3340 uidelicet

652 3367 942 3457 Machouiensi
962 3381 1005 3453 et
1025 3370 1279 3454 Monasterio
1303 3371 1356 3452 (16
1377 3368 1596 3480 8166661166
1619 3371 1746 3455 debet
1764 3370 2060 3456 inuiolabiliter
2092 3370 2308 3457 obseruari

538 3580 541 3584 .
654 3519 706 3575 ac
725 3492 1020 3601 inperpetuum
1041 3517 1299 3597 permanere.
1331 3488 1380 3572 ln
1402 3473 1534 3574 Cuius
1554 3491 1614 3572 rei
1635 3492 1920 3575 testimonium
1942 3502 2131 3575 nostrum
2151 3494 2304 3576 nostri·
2378 3583 2382 3594 ¹
2527 3545 2531 3554 ·

653 3638 739 3722 que
761 3610 1007 3695 Conuentus
1030 3606 1179 3720 Sigilla
1198 3606 1465 3717 presentibus
1489 3618 1587 3691 sunt
1607 3638 1797 3720 appensa
1818 3610 1974 3693 Datum
1991 3614 2034 3693 in
2049 3609 2303 3698 Monasterio
2384 3675 2385 3682 a

652 3719 794 3814 n'ostro
835 3728 1123 3812 Mochouiensi
1161 3729 1350 3839 predicto
1371 3725 1474 3810 feria
1494 3738 1614 3811 sexta
1633 3732 1725 3842 ipso
1748 3730 1815 3812 die
1837 3731 1952 3814 beati
1971 3730 2182 3814 Leonardi
2202 3758 2304 3815 con·

653 3844 821 3948 sessoris
843 3846 1015 3957 gloriosi
1035 3846 1158 3930 Anno
1181 3848 1335 3932 domini
1354 3844 1418 3929 M⁰
1439 3845 1614 3932 0000θ
1634 3850 1780 3958 quinto
1800 3848 2064 3959 presentibus
2085 3848 2165 3957 hijs
2184 3851 2305 3934 testi·

651 3964 733 4050 bus
774 3965 1084 4050 uenerabilibus
1115 3995 1166 4049 ac
1195 3965 1419 4078 Religiosis
1452 3976 1494 4047 et
1524 3966 1747 4066 Nobilibus
1770 3969 1876 4068 *uiris
1908 3969 2085 4070 dominis
2106 3964 2305 4054 dohanne
2378 4023 2381 4034 «

650 4084 824 4169 Abbate
847 4086 899 4167 de
921 4081 1075 4199 Mopila
1097 4084 1201 4168 alias
1224 4087 1275 4168 de
1298 4086 1413 4168 clara
1442 4084 1590 4169 tumba
1612 4085 1802 4199 Stagneo
1824 4090 2037 4198 preposito
2060 4086 2113 4170 de
2136 4088 2304 4174 Sacerci·

650 4232 741 4288 neca
761 4203 791 4289 J
794 4233 948 4290 ascone
971 4205 1023 4287 (16
1042 4201 1296 4290 1361666666
1308 4201 1362 4313 (1)
1381 4203 1540 4287 Mathia
1558 4207 1608 4289 de
1627 4203 1923 4292 Miclaszoaicae
1942 4207 1996 4321 (⁴)
2019 4207 2120 4290 alias
2141 4206 2302 4291 Psztro·

651 4322 721 4434 slcy'
743 4322 1002 4409 Venereslao
1025 4325 1137 4409 dicto
1159 4323 1281 4407 brodo
1303 4326 1353 4406 de
1382 4321 1426 4407 U
1425 4320 1506 4407 1166
1522 4325 1577 4439 (³)
1600 4334 1643 4408 et
1662 4324 1693 4411 J
1695 4327 1861 4412 ohanne
1883 4327 1935 4411 de
1954 4325 2126 4409 Baccara
2148 4327 2205 4441 (⁰)
2226 4328 2301 4410 he-

650 4444 819 4531 redibus
840 4475 893 4529 ac
914 4444 1005 4554 alijs
1027 4443 1344 4556 quampluribus
1365 4441 1604 4556 fidedignis.

754 4698 792 4776 (³)
816 4696 1016 4773 Polanowica
1031 4695 1110 4761 uilla
1124 4695 1313 4782 prouinciae
1329 4706 1362 4761 et
1377 4695 1522 4782 regionis
1538 4697 1784 4773 cracoviensis,
1800 4697 1975 4797 parochiae
1990 4695 2225 4784 Goszycensis.

753 4782 796 4860 (⁴)
819 4782 1049 4854 Mittaszowica
1064 4781 1142 4846 uilla
1156 4783 1298 4867 regionis
1314 4780 1557 4858 06616166ῃεί6,
1572 4783 1750 4870 parochiae
1764 4782 2086 4852 Muluezowieeasia
2100 4781 2137 4849 iu
2150 4780 2300 4852 Gallicis.

755 4869 794 4946 (ὅ)
823 4865 929 4940 wana,
945 4865 1118 4950 parochiae
1134 4877 1244 4950 caput,
1260 4866 1385 4932 villain
1400 4864 1559 4947 Xiaz'ensi
1573 4869 1718 4955 regiona.

755 4953 794 5033 (ὅ)
817 4949 975 5029 Malea,
997 4951 1075 5016 uilla
1088 4950 1293 5019 Lelouiensis
1309 4949 1463 5038 regionis,
1478 4952 1661 5050 parochiae
1673 4954 1716 5021 ad
1729 4954 1847 5046 Slapia
1863 4954 2055 5041 spectantis.
