5409 6309
1367 829 1591 933 -c-

642 1040 729 1122 iam
768 1039 812 1119 in
833 1037 1046 1146 plerisque
1065 1030 1307 1116 hominibus
1326 1032 1505 1141 pristino
1529 1031 1775 1114 devocionis
1807 1029 1971 1114 fervore
2014 1029 2185 1143 sibique
2216 1060 2309 1117 mo·

643 1156 916 1265 nasterioque
946 1177 1024 1234 suo
1055 1149 1404 1236 Andrzeowiensi
1432 1151 1476 1229 in
1506 1145 1709 1258 predictis
1741 1147 1869 1233 bonis
1894 1159 1938 1230 et
1958 1149 2135 1232 decimis
2171 1177 2309 1262 nego·

452 1277 458 1288 '
511 1357 516 1366 ,
619 1276 757 1355 'cium
792 1268 1088 1351 facesseretur.
1118 1267 1378 1376 preins'ertas
1415 1266 1559 1348 literas
1594 1266 1788 1376 innovarj
1818 1265 2012 1348 fecimus.
2048 1295 2208 1378 easque
2235 1295 2311 1350 au·

270 1399 275 1406 '
369 1409 375 1414 ·
507 1487 509 1492 ,
645 1389 838 1476 ctoritate
885 1394 1032 1469 nostra
1077 1383 1219 1495 Regia
1250 1382 1595 1493 approbavimus.
1627 1381 1946 1467 ratificavimus.
1969 1394 2024 1465 et·
2040 1384 2310 1468 confirmavi·
2370 1433 2372 1446 ·
2414 1399 2417 1404 ’

644 1532 749 1588 mus.
773 1505 1151 1613 approbamusque
1181 1500 1460 1584 ratificamus.
1474 1499 1828 1583 etconfirmamus
1857 1511 2006 1584 tenore
2036 1504 2312 1609 presencium

523 1679 529 1688 ·
643 1621 859 1705 mediante
882 1617 1159 1706 decernentes
1183 1619 1325 1702 omnia
1346 1629 1391 1700 et
1411 1618 1579 1729 singula
1609 1619 1654 1699 in
1685 1621 1746 1701 eis
1769 1619 1973 1704 contenta
2001 1616 2133 1718 robur
2167 1620 2312 1724 debite

642 1739 853 1823 firmitatis
874 1736 1074 1821 habitura
1095 1763 1202 1819 esse.
1224 1761 1301 1845 per
1327 1735 1626 1846 prefatumque
1657 1735 1877 1821 Abbatem
1907 1746 1951 1818 et
1981 1763 2081 1821 suos
2112 1748 2309 1846 posteros
2355 1751 2358 1758 ’

643 1856 840 1942 Abbates
859 1883 913 1938 nc
934 1853 1238 1941 Monasterium
1260 1862 1304 1935 et
1324 1853 1597 1938 conventum
1617 1852 2310 1965 Andrzeoviensemsnprascripta

644 1976 763 2061 bona
783 1984 828 2059 et
847 1973 1047 2056 decimas.
1068 1974 1112 2053 in
1134 1998 1313 2082 quarum
1332 1999 1416 2054 usu
1437 1973 1797 2082 possessioneque
1817 1972 2001 2081 pacifica
2022 1982 2067 2053 et
2087 1974 2310 2056 continua·
2441 2073 2443 2076 ¹

398 2127 401 2132 ·
507 2169 512 2174 .
643 2094 934 2201 tahucusque
963 2090 1146 2178 filerunt.
1168 2115 1357 2172 necnon
1379 2088 1645 2174 eciambona
1668 2090 1738 2174 illa
1758 2101 1803 2172 et
1823 2089 2010 2172 decimas
2042 2117 2127 2200 que
2158 2102 2312 2198 postea

538 2267 543 2274 -
645 2209 1009 2295 sivedonacione.
1032 2208 1121 2291 sive
1152 2209 1485 2317 permutacione.
1527 2217 1601 2291 aut
1632 2235 1905 2320 quocumque
1919 2251 1923 2260 ,
1938 2207 2019 2291 alio
2050 2206 2312 2294 Monasterio

440 2363 445 2370 ·
534 2319 540 2323 ’
644 2327 989 2414 Andrzeowiensi
1010 2325 1277 2410 obvenerunt
1296 2336 1341 2409 et
1361 2353 1474 2408 nuno
1506 2326 1550 2407 in
1572 2327 1843 2436 possessione
1862 2325 1971 2408 illius
1994 2325 2191 2410 existunt.
2204 2354 2312 2438 quo·

643 2475 736 2529 rum
757 2454 805 2527 et
821 2472 1001 2558 quarum
1020 2447 1194 2527 nomina
1213 2453 1258 2526 et
1279 2443 1537 2556 cognomina
1568 2444 1718 2528 haberi
1736 2444 1810 2525 hic
1825 2443 2020 2528 volumus
2041 2471 2118 2551 pro
2141 2472 2311 2553 expres·

539 2594 542 2609 ·
644 2565 702 2646 sis
724 2560 912 2645 tenenda
932 2561 1141 2645 habenda
1165 2563 1436 2673 pacificeque
1469 2572 1513 2643 et
1532 2559 1677 2674 quiete
1696 2569 1904 2673 perpetuo
1937 2560 2209 2671 possidenda.
2250 2563 2313 2672 ,1¹¹

645 2681 764 2794 cuius
784 2679 846 2761 rei
865 2679 1154 2763 testimonium
1166 2680 1350 2794 sigillum
1369 2688 1562 2763 nostrum
1573 2679 1846 2790 presentibus
1854 2691 1921 2762 est
1940 2708 2190 2789 appensum.
2222 2679 2331 2790 Dap
2420 2717 2422 2726 Α

644 2808 736 2881 tum
758 2797 967 2883 Oracovie
996 2793 1180 2884 sabbato
1201 2808 1301 2881 ante
1322 2796 1480 2880 festum
1508 2799 1777 2882 sanctissime
1810 2798 2043 2881 Trinitatis.
2076 2797 2203 2881 Anno
2237 2798 2314 2879 do·
2362 2791 2364 2800 ’

643 2917 745 2999 mini
779 2914 999 3012 Millesimo
1031 2917 1374 3029 quingentesimo
1405 2915 1625 3026 trigesimo
1662 2917 1794 2999 tercio
1827 2913 1965 3027 (1533)
2008 2914 2151 3026 Regni
2179 2914 2312 3000 nostri

556 3060 562 3069 ’
647 3034 990 3145 annovigesimo
1012 3035 1207 3145 septimo.
1239 3031 1514 3120 Presentibus
1537 3036 1692 3147 quibus
1714 3061 1856 3144 supra.
1936 3079 1939 3086 ·

1294 3547 1301 3562 ,
1447 3453 1523 3567 vi.

828 3688 900 3768 ln
925 3684 1210 3790 colloquio
1228 3687 1533 3781 Meliccmc',
1562 3688 1718 3770 circo
1742 3688 1955 3818 Annum
1975 3625 2119 3771 ina
2229 3661 2230 3664 Ὺ

647 3882 928 3959 variminus
950 3886 1014 3959 tax
1029 3841 1146 3961 turm
1167 3890 1287 3980 Zayou
1303 3890 1451 3982 hospitali
1482 3889 1513 3960 8.
1532 3884 1660 3986 ,fomis
1679 3884 1951 3989 morachnitni
1971 3888 2101 3961 ahane
2118 3904 2175 3961 sno
2188 3889 2314 3963 damno

693 4023 696 4029 -
1051 3972 1459 4070 annuissemus
1473 3969 1687 4062 minian
1700 3971 1908 4056 tuentii·
2271 4043 2280 4060 .

744 4159 800 4243 In
819 4161 988 4245 nomine
1009 4163 1148 4248 Patris
1170 4173 1213 4245 et
1231 4161 1303 4268 filij
1328 4170 1371 4240 et
1391 4158 1571 4266 Spiritus
1585 4117 1741 4242 'sancti
1770 4162 1922 4247 Amen.
1954 4163 2055 4274 Ego
2077 4160 2314 4246 Kasimirus

645 4278 745 4363 Dux
765 4287 914 4364 nomm
943 4279 1055 4365 facio
1091 4278 1303 4410 universis
1330 4276 1488 4360 Christi
1518 4274 1716 4360 fidelihus
1747 4281 2043 4388 praesentibus
2079 4290 2123 4365 et
2151 4279 2313 4366 intruis:

746 4513 790 4592 (¹)
811 4511 889 4577 Duo
904 4511 1002 4594 hujus
1017 4505 1147 4573 tabulae
1163 4507 1314 4594 exempla
1336 4509 1372 4576 in
1392 4519 1511 4576 nostre
1532 4531 1630 4575 manu
1657 4507 1847 4580 habuimusz
1870 4513 1985 4581 arohet
2026 4503 2080 4580 'on
2107 4511 2312 4582 membrana·

643 4617 737 4662 ceum
751 4617 793 4660 ex
806 4594 1008 4661 bibliotheca
1034 4589 1288 4670 Nieboroviensi
1303 4604 1337 4660 et
1351 4593 1569 4682 apographon
1592 4593 1683 4679 qnod
1697 4596 1812 4662 alibro
1833 4597 1963 4668 CLXX
2029 4595 2116 4686 ‚fol
2132 4597 2312 4678 coo-302,
2398 4663 2402 4680 ⁵

518 4767 522 4774 .
643 4678 874 4774 Veneriensis
888 4673 1058 4773 Tabularii
1071 4673 1196 4774 publici
1210 4679 1316 4830 Rapui
1331 4680 1504 4763 Poloniao,
1527 4678 1583 4743 vul
1609 4703 1629 4744 o
1646 4680 1785 4770 Marykc
1795 4681 1948 4752 Koroaoa
1974 4683 2067 4752 dicti.
2097 4679 2312 4747 doctissimus

407 4821 410 4828 ,
507 4813 510 4819 .
642 4773 738 4829 antea
752 4759 1011 4858 Codicis'nostrr
1027 4759 1137 4827 editor
1151 4771 1185 4828 et
1198 4787 1260 4850 pro
1276 4787 1372 4831 assor
1386 4763 1556 4831 Antonius
1617 4764 2022 4852 uczkowskidescripsit.
2055 4765 2233 4831 Variantes
2262 4763 2310 4830 le·
2343 4835 2352 4844 ,

641 4848 771 4912 stiones
795 4863 978 4908 mvemmus
1004 4843 1120 4911 nullas.
1143 4847 1373 4915 Muezhowski
1398 4849 1433 4913 in
1459 4849 1655 4936 apographo
1672 4848 1754 4935 legit
1785 4849 1902 4918 mazca
1919 4852 1968 4932 (in
1981 4849 2174 4935 parenthesi
2193 4847 2315 4918 scribit,

517 5023 520 5028 .
647 4931 764 4994 illatore
778 4946 853 4991 cum
868 4926 965 5013 signo
980 4928 1253 5021 interrogationis
1261 4937 1304 5017 i),
1327 4934 1362 5000 in
1377 4931 1559 5018 archetypo
1576 4943 1684 4998 autem
1707 4932 1803 4999 nobis
1826 4933 2039 5011 Vienna-esse
2070 4932 2211 4998 videtur.
2243 4930 2312 4997 Ta·
