5409 6309
330 927 337 1078 ζ
440 997 570 1085 quam
589 971 766 1082 trig'mta
786 968 941 1070 solidos
963 968 1133 1056 wluunt
1153 968 1461 1053 oondomnatns
1481 967 1595 1082 (sie)
1642 969 1694 1053 ln
1723 970 1881 1056 iudicio
1906 981 2051 1058 autem
2187 953 2208 961 ‘⁸

440 1087 771 1178 haebdemadali
789 1096 974 1200 quatuor
1004 1088 1160 1172 solidos
1188 1079 1358 1171 soleant
1379 1087 1432 1168 de
1454 1085 1560 1170 dure
1581 1097 1798 1196 consueto
1832 1088 1956 1173 Omn
1969 1117 2048 1173 au-

290 1311 293 1316 Δ
404 1271 408 1276 -
437 1219 526 1296 tom
545 1235 715 1293 caussa
724 1207 783 1290 ad
801 1206 941 1317 magis
956 1231 1096 1317 quum
1125 1206 1301 1316 triginta
1336 1204 1494 1289 solidos
1514 1232 1561 1288 se
1582 1181 1793 1307 extendet,
1822 1217 1926 1290 tuno
1948 1235 2053 1293 eon·

429 1329 573 1444 digna
592 1325 759 1430 solutio,
774 1326 921 1408 aierit
910 1350 975 1408 1us
998 1324 1238 1461 expostulat
1255 1350 1506 1408 caussarum
1523 1322 1639 1405 illam
1669 1333 1886 1434 sequatur
1939 1326 2049 1409 Item

308 1513 313 1524 .
437 1446 646 1548 volumus,
666 1443 784 1554 quod
803 1442 1000 1532 omnibus
1021 1443 1199 1526 transire
1213 1442 1455 1527 volentibus
1470 1440 1742 1551 Hungariam
1756 1443 2051 1546 veteranam,

438 1572 483 1650 st
494 1590 528 1644 e
549 1588 755 1646 oouuerso
777 1560 832 1644 de
846 1559 1076 1697 Idungaria
1093 1560 1163 1644 vel
1180 1559 1351 1664 Bussia,
1380 1588 1457 1667 per
1478 1557 1794 1643 Sandomiriam
1823 1559 2051 1645 Ciuitalum

439 1681 642 1766 userius
663 1679 899 1772 eommunis
919 1673 1142 1762 habeatur.
1165 1675 1274 1760 Item
1293 1678 1490 1760 addimus
1502 1678 1798 1792 promittentes
1822 1677 2048 1765 Aduoeato

387 1871 394 1882 ,
436 1798 731 1901 haereditario,
752 1806 796 1879 et
815 1796 901 1880 snis'
920 1798 1114 1905 posteris,
1134 1797 1254 1905 quod
1273 1797 1320 1896 si
1330 1796 1506 1907 aliquod
1533 1795 1699 1879 lucrum
1720 1795 1888 1898 metalli,
1910 1807 2053 1907 utpo..
2190 1895 2194 1906 Ι

392 1979 397 1996 ,
437 1926 480 1999 te
502 1917 605 2019 arui,
625 1916 804 2026 argenti,
823 1914 957 2021 eupri,
977 1912 1151 2022 plumbi,
1172 1923 1221 1995 et
1236 1915 1390 2017 stanni,
1409 1916 1455 1995 in
1476 1913 1671 1996 districtu
1706 1910 1905 2008 Ciuitatis
1938 1914 2049 1999 San·

374 2057 382 2072 ·
418 2032 715 2137 dominantis,
735 2034 957 2117 inventum
976 2030 1108 2116 fuerit
1122 2041 1167 2115 et
1184 2042 1412 2142 repertum,
1422 2058 1510 2115 non
1525 2033 1630 2115 alter
1642 2059 1773 2143 quam
1791 2034 1884 2141 ipse
1898 2026 2055 2119 Aduo:
2130 2083 2136 2088 ·

351 2207 359 2220 f
438 2161 562 2236 naurs
598 2177 696 2234 orum
731 2152 818 2234 suis
837 2149 1038 2259 legitimis
1056 2150 1391 2263 suecessoribus,
1421 2150 1535 2232 idem
1554 2151 1718 2233 luorum
1749 2151 2051 2262 quodcumque

433 2269 564 2354 fuerit
583 2266 687 2354 dure
707 2277 913 2352 montano
936 2267 1168 2378 ooeupabit
1187 2278 1356 2352 sextum
1385 2293 1487 2352 vero
1527 2270 1746 2352 denarium
1777 2297 1829 2351 ex
1850 2270 1965 2351 dieto
1984 2269 2052 2352 lu-

437 2379 512 2474 or'o
548 2386 827 2470 haereditarie
860 2387 907 2467 in
936 2395 1202 2498 perpetuum
1218 2386 1364 2491 libere,
1401 2398 1445 2470 et
1473 2388 1560 2468 suis
1589 2388 1770 2496 posteris
1790 2388 2050 2500 usurpando.

437 2506 726 2591 Promittimus
771 2504 901 2588 etiem
938 2507 1080 2590 omnia
1109 2506 1285 2608 vinaria,
1318 2505 1390 2590 vel
1423 2514 1659 2588 struotmas
1693 2505 1741 2587 in
1758 2505 1890 2589 fluuio
1921 2504 2050 2612 Visla,

377 2645 513 2733 -per
555 2639 868 2733 quemeumque
908 2622 1059 2728 factas,
1074 2709 1077 2714 ,
1092 2631 1136 2706 et
1166 2626 1475 2734 cuiuscumque
1505 2622 1674 2727 fuerint,
1710 2650 1787 2733 pro
1820 2650 1945 2734 opere
1978 2622 2052 2709 Oi-

399 2813 403 2820 ,
436 2742 583 2823 uitatis
604 2740 961 2846 Sandomiriensis
983 2740 1268 2852 supradictae,
1290 2750 1333 2828 et
1353 2743 1446 2852 alijs
1425 2739 1739 2878 stemporibus
1770 2744 2052 2848 necessitatis,

437 2859 610 2967 prout
593 2858 701 2966 Juris
737 2866 816 2940 est
840 2859 1012 2966 aperire.
1057 2858 1342 2943 Statrn’mus
1331 2887 1505 2968 msuper
1533 2859 1579 2939 jn
1610 2858 1830 2968 praedicta
1867 2858 2052 2943 Oimtate
2134 2861 2136 2866 ,
2190 2841 2223 2853 ,,

359 2990 366 3005 ’
439 2974 785 3076 Sandomiriensi,
805 2971 944 3058 forum
966 2976 1214 3057 annualem
1234 2974 1343 3058 festo
1361 2975 1663 3084 assumptionis
1699 2973 1854 3064 beatae
1890 2974 2051 3060 Mariae

439 3091 766 3203 quatuordecim
787 3095 990 3175 continue
1011 3079 1161 3176 diebus
1183 3120 1231 3172 ee
1230 3088 1390 3203 lebrarj
1408 3117 1574 3197 semper
1595 3097 1639 3172 et
1655 3091 1803 3199 tenerj.
1846 3083 2051 3174 Volumus

387 3305 391 3314 ,
438 3212 586 3324 itaque
605 3217 655 3290 ut
673 3218 800 3320 prot
782 3208 856 3294 teli
889 3209 1116 3298 donatione
1152 3209 1448 3313 haereditarie,
1484 3218 1530 3292 et
1555 3208 1763 3320 libertatis
1797 3208 2053 3318 receptique,
2191 3309 2195 3314 ‚

438 3326 563 3409 simul
582 3334 625 3406 et
642 3351 721 3435 pro
741 3313 985 3431 aduocatis,
1004 3326 1244 3414 sduoms
1264 3325 1584 3429 haereditarius,
1605 3353 1705 3409 oum
1726 3334 1921 3436 quatuor
1942 3325 2052 3409 buli·
2168 3363 2173 3370 ·

331 3443 337 3452 “
439 3444 618 3552 starijs,
613 3442 753 3525 nobis
787 3454 831 3526 et
858 3447 1014 3529 nostris
1050 3444 1370 3529 successoribus
1405 3444 1614 3544 mittendo
1651 3443 1708 3525 ad
1744 3441 2052 3552 expeditiones,
2107 3438 2109 3441 ’

440 3561 597 3674 quibus
617 3562 893 3669 personaliter
915 3559 1173 3664 affi1erimus,
1193 3562 1264 3645 vel
1282 3569 1429 3645 noster
1446 3587 1685 3665 successor,
1695 3562 1916 3643 teneatur
1951 3588 2050 3644 eum

240 3701 245 3708 '
302 3759 306 3770 ,
440 3680 527 3764 suis
547 3680 729 3791 posteris
753 3680 978 3764 desentire.
1010 3679 1081 3792 Ad
1099 3679 1345 3789 praedictas
1367 3705 1541 3790 quoque
1556 3676 1805 3781 locationes,
1825 3687 1914 3759 tam
1935 3676 2054 3763 Oini-
2180 3741 2181 3744 ι

439 3800 540 3883 tatis
562 3821 694 3908 quam
716 3825 917 3909 agrorum
938 3797 1076 3879 eidem
1098 3795 1396 3898 adiacentium,
1420 3798 1495 3909 qui
1514 3795 1671 3880 fuerint
1684 3796 1827 3880 vocati
1848 3824 1874 3877 a
1893 3793 2058 3903 Palati·¹

438 3939 496 4002 no
517 3924 561 3998 et
582 3914 825 4000 Castellano
847 3916 1275 4020 Sandomiriensibus,
1292 3918 1467 4000 etomni
1480 3923 1695 4023 potestate
1716 3939 1863 3997 eorum
1892 3909 2066 3998 inordi-'v
2101 3979 2108 3990 .

271 4065 306 4106 π
438 4035 572 4118 naria:
601 4044 775 4144 propter
788 4027 861 4141 jus
882 4035 1211 4135 Theutonieum,
1247 4034 1372 4132 simpl
1391 4062 1489 4117 cum
1510 4035 1736 4118 aduocato
1760 4034 1848 4114 sint
1880 4031 2052 4140 penitus

445 4154 639 4239 absoluti.
670 4152 764 4236 Nec
781 4151 880 4234 alibi
894 4180 1089 4264 unquam
1104 4150 1368 4236 eittabuntru
1379 4151 1628 4254 Aduocatus
1642 4173 1743 4234 'cum
1760 4149 1938 4235 Oiuibus
1955 4151 2054 4256 suis,

444 4283 487 4353 et
506 4270 576 4379 dij
588 4269 685 4377 J‘ure
707 4269 978 4354 Theutonioo
998 4269 1201 4374 fruentes,
1231 4273 1313 4355 nisi
1343 4271 1402 4353 ad
1420 4281 1612 4356 nostrum
1636 4269 1856 4380 judicium,
1888 4267 1923 4346 ei
1945 4293 2054 4376 opus
2213 4294 2216 4296 ’
2288 4251 2290 4258 ‚

320 4431 338 4454 ι
377 4409 382 4416 ·
441 4384 580 4470 fuerit.
601 4415 679 4495 per
696 4387 862 4470 literam
883 4388 965 4470 sub
986 4389 1123 4498 sigillo
1158 4398 1316 4492 nostro,
1342 4417 1428 4474 non
1449 4383 1583 4472 'aliter
1602 4405 1742 4499 'quam
1776 4386 1871 4494 jure
1903 4383 2064 4473 Thau.
2131 4469 2135 4476 ,
2171 4437 2178 4443 ·

440 4507 583 4590 tonieo
603 4507 647 4586 in
669 4504 863 4590 omnibus
886 4506 1049 4594 caussis
1071 4505 1301 4592 iudicandi.
1332 4503 1492 4590 Verum
1512 4517 1654 4590 tamen
1671 4505 1707 4586 si
1724 4499 1897 4614 aliquod
1917 4501 2055 4586 Priui-

402 4659 405 4664 ·
440 4624 600 4734 legium
622 4625 839 4705 emerserit
856 4624 902 4705 in
921 4632 1152 4735 posterum,
1171 4633 1216 4704 et
1236 4650 1312 4730 per
1332 4624 1535 4734 aliquem
1551 4636 1770 4709 ostensum
1789 4620 1927 4724 fuerit,
1948 4647 2052 4705 oon·

439 4744 578 4825 tineus
598 4737 743 4825 forsan
763 4767 891 4851 super
910 4741 1130 4853 praedicta
1152 4739 1351 4847 Ciuitate,
1372 4770 1399 4824 a
1412 4741 1570 4827 Patruo
1592 4752 1735 4828 nostro
1751 4738 1895 4823 inclito
1915 4682 2052 4842 lluoe,

223 4915 227 4924 ·
342 4935 349 4942 ,
441 4851 659 4972 quondam
692 4855 930 4945 Oraoouiae
969 4868 1013 4943 et
1033 4855 1327 4960 Sandomiriae
1362 4857 1573 5015 Boleslao,
1608 4861 1678 4946 vel
1697 4860 1754 4943 ab
1778 4867 2083 4943 antecessore
