5409 6309
1076 865 1346 939 -tu-

389 1097 466 1154 seu
485 1069 754 1180 priuilegium
775 1069 996 1173 ratificare,
1018 1067 1227 1179 aprobarc
1249 1067 1346 1180 (sic)
1366 1068 1581 1172 innouare,
1618 1080 1661 1151 et
1696 1067 1944 1153 confirmare
1977 1068 2040 1151 di·

389 1215 625 1301 gnaremur;
658 1190 777 1270 cuius
799 1189 969 1300 quidem
992 1188 1128 1272 littere
1150 1214 1225 1272 seu
1246 1188 1454 1299 priuilegii
1475 1190 1623 1272 seriem
1645 1189 1698 1270 de
1718 1185 1850 1272 uerbo
1873 1189 1928 1272 ad
1943 1215 2039 1272 uer·

384 1309 487 1394 bum
507 1307 577 1390 hic
598 1308 809 1391 noluimus
831 1307 988 1392 habere
1009 1335 1085 1418 pro
1107 1305 1288 1390 insertis.

490 1426 579 1510 Nos
600 1453 700 1509 uero
724 1429 963 1511 corumdem
986 1426 1155 1511 abbatis
1187 1435 1231 1507 et
1250 1433 1487 1508 conuentus
1517 1424 1713 1537 precibus
1747 1436 1952 1538 tanquam
1973 1426 2039 1508 iu-

252 1597 257 1613 ·
388 1548 464 1629 stis
486 1555 530 1628 et
548 1546 707 1630 racioni
728 1550 923 1631 consonis
944 1546 1184 1657 benigniter
1205 1544 1411 1648 acclinati,
1432 1545 1638 1653 prefatam
1656 1547 1841 1653 ipsorum
1856 1545 2040 1629 litteram

388 1675 464 1753 s'eu
483 1664 747 1777 priuilegium
769 1665 811 1747 in
834 1663 1027 1750 omnibus
1049 1668 1135 1749 suis
1159 1665 1337 1773 punctis,
1378 1664 1676 1772 positionibus,
1708 1665 2040 1767 condicionibus,

389 1784 572 1871 articulis
595 1795 638 1866 et
659 1783 856 1867 clausulis
876 1787 919 1868 in
941 1814 992 1867 ea
1013 1785 1220 1868 contentis
1257 1786 1461 1868 vniversis
1497 1794 1635 1867 ratam
1670 1782 1877 1866 habentes
1910 1792 2039 1895 atque
2144 1853 2147 1860 .

389 1915 567 2019 gratam,
589 1935 641 1987 ex
662 1916 778 1988 certa
797 1911 943 1990 nostra
962 1906 1159 2002 sciencia,
1182 1902 1475 2015 baronumque
1498 1912 1734 1988 nostrorum
1755 1912 1920 1986 maturo
1941 1931 2042 1989 con·
2076 1986 2078 1990 ,
2186 2007 2192 2018 Ι

389 2027 491 2128 silio,
512 2023 786 2127 ratificamus,
806 2023 1067 2126 innouamus,
1105 2021 1406 2134 gratificamus,
1448 2025 1717 2134 aprobamus,
1752 2033 1797 2104 et
1835 2022 2042 2133 presentis

389 2145 533 2253 scripti
554 2144 786 2253 patrocinio
808 2143 1118 2244 confirmamus,
1141 2144 1416 2225 decernentes
1436 2143 1573 2252 ipsam
1602 2140 1731 2226 robur
1751 2150 1952 2253 perpetue
1972 2140 2044 2223 fir·

388 2264 545 2347 mitatis
567 2265 771 2374 optinere.
802 2262 965 2348 Harum
988 2260 1143 2374 quibus
1165 2261 1346 2375 sigillum
1367 2273 1508 2344 nostre
1545 2263 1776 2371 majestatis
1797 2271 1862 2344 est
1883 2287 2044 2373 appen-

390 2410 483 2466 sum
503 2382 742 2465 testimonio
764 2381 1008 2467 litterarum.
1040 2383 1195 2467 Actum
1217 2384 1258 2463 in
1275 2383 1537 2491 parlamento
1554 2381 1740 2493 generali
1757 2379 2044 2469 Graccouien·

388 2504 425 2585 si
446 2499 542 2615 (sic)
563 2498 667 2585 feria
686 2501 819 2581 tercia
839 2499 948 2584 infra
970 2516 1146 2587 octauas
1167 2500 1406 2618 Epiphanio
1430 2502 1596 2602 domini,
1619 2502 1895 2585 annodomini
1912 2498 2043 2584 mille·
2134 2497 2140 2506 ’

388 2623 504 2705 simo.
529 2620 951 2730 quadringentesimo
964 2623 1304 2731 quadragesimo:
1320 2619 1589 2730 presentibus
1611 2621 1769 2703 ibidem
1786 2618 2041 2704 Reuerendo

386 2740 430 2822 in
450 2739 621 2825 Christo
642 2750 762 2850 patre
786 2741 953 2824 domino
979 2741 1170 2853 Sbigneo
1193 2740 1406 2850 Episcopo
1430 2737 1745 2842 Graccouiensi,
1783 2740 2044 2852 magnificis·

390 2885 486 2968 que,
508 2860 700 2963 strenuis,
722 2868 767 2941 et
783 2858 1009 2967 nobilibus,
1045 2860 1242 2945 Johanne
1265 2859 1316 2939 de
1341 2855 1621 2972 Caiiouu·(sic)
1645 2857 1886 2944 Castellano
1909 2855 2042 2944 Grac·

389 2979 589 3082 couiensi,
621 2977 819 3062 dohanne
843 2980 894 3060 de
918 2978 1090 3061 Tboczr'n
1119 2976 1436 3078 Graccouiensi,
1474 2976 1741 3088 Sandiuogio
1780 2977 1832 3059 de
1855 2976 2044 3089 Ostrorop

389 3095 676 3196 Posnaniensi,
712 3095 929 3180 Dobeslao
961 3095 1011 3178 de
1044 3095 1243 3181 Olr'esnr‘cu
1279 3093 1619 3196 Sandomiriensi,
1657 3094 1847 3182 derando
1871 3092 1969 3208 (sic)
1993 3096 2044 3177 de

392 3213 539 3296 Grato
562 3213 802 3318 Siradiensi,
821 3215 996 3299 Alberto
1020 3216 1074 3298 de
1096 3212 1207 3298 Male
1228 3214 1508 3318 Lanciciensi,
1529 3212 1697 3298 doanne
1720 3214 1773 3298 de
1789 3213 2047 3298 Liclu'nBre·

390 3334 535 3437 stensi,
556 3330 773 3445 Boguslao
797 3334 848 3415 de
872 3333 1058 3444 Oporoau
1080 3338 1177 3449 (sic)
1200 3332 1628 3439 Juniuladislauieusi,
1671 3336 1796 3421 Petro
1820 3333 2046 3417 Odrouausz

390 3451 443 3535 de
467 3452 625 3564 Sproua
644 3450 924 3562 Leopoliensi,
966 3461 1008 3533 et
1039 3453 1259 3536 Kiczkone
1279 3452 1482 3563 Kijerdeij
1504 3451 1670 3538 Podolr'e
1690 3443 1919 3540 Pallatinis:
1956 3452 2046 3536 Do-

388 3570 609 3683 brogostio
633 3571 684 3651 de
708 3567 936 3683 Szamotulij
956 3569 1245 3672 Posnaniensi,
1269 3572 1491 3659 Clemente
1516 3574 1568 3657 de
1593 3569 1794 3655 Strltelcze
1815 3568 1914 3687 (sic)
1938 3563 2048 3657 San-

369 3692 642 3794 -domiriensi,
663 3689 900 3776 Laurencio
923 3690 1079 3773 Zoreba
1115 3691 1358 3797 Siradiensi,
1395 3692 1602 3776 Varschio
1633 3693 1685 3775 de
1709 3691 1880 3775 Ostroau
1899 3690 2049 3777 Lubli·

328 3807 336 3826 ’
390 3814 529 3912 nensi,
544 3808 763 3919 Raphaele
787 3810 839 3893 de
862 3810 1075 3893 Itomae
1092 3809 1363 3917 Voiniciensi,
1383 3812 1509 3896 Petro
1532 3812 1583 3894 de
1602 3807 1757 3892 Curouu
1775 3810 2048 3916 Sandecensi,

394 3942 438 4013 et
459 3928 658 4015 Orzeslao
682 3930 733 4011 de
758 3925 986 4039 Curozuelnj⁸
1006 3927 1245 4016 Visliciensi
1268 3932 1531 4036 Castellanis,
1568 3942 1611 4014 et
1646 3929 1737 4013 aliis
1769 3957 1896 4039 quam
1918 3930 2048 4041 pluri-

390 4046 473 4132 bus
493 4046 737 4152 baronibus,
759 4047 972 4150 militibus,
1006 4059 1049 4130 et
1068 4050 1281 4136 nobilibus
1317 4053 1497 4135 testibus
1535 4050 1590 4134 ad
1625 4050 1842 4159 premissa.
1889 4049 2049 4133 Datum

391 4197 466 4280 per
487 4191 638 4250 manus
658 4167 981 4279 magnificorum
1003 4166 1182 4252 Joannis
1220 4174 1271 4254 de
1307 4166 1548 4281 Coniecpolr‘e
1572 4168 1821 4270 Cancellarii
1860 4179 1901 4251 et
1935 4168 2048 4253 Petri

399 4285 509 4372 Vodo
532 4287 583 4369 de
608 4286 852 4397 Sczelcoczijn
887 4283 1231 4372 Vicecancellarii
1266 4290 1406 4402 Regni
1426 4290 1598 4375 Polonie
1620 4291 1782 4372 sineere
1804 4287 1926 4373 nobis
1949 4289 2049 4373 dile·

393 4416 567 4492 ctorum.
619 4405 688 4488 Ad
709 4405 961 4490 relacionem
983 4408 1199 4517 magnifici
1223 4410 1379 4493 domini
1401 4407 1580 4494 doannis
1604 4410 1657 4491 de
1680 4404 1818 4491 Cizoou
1836 4407 2047 4492 Castella·

393 4528 436 4609 ni
457 4523 793 4612 Graccouiensis.

502 4643 849 4758 14452Nosuero
859 4643 1139 4754 peticionibus
1152 4647 1338 4729 ciusdem
1362 4655 1582 4759 tamquam
1599 4647 1718 4731 iustis
1730 4647 2051 4732 etracionicon·

342 4859 344 4868 ,
393 4765 507 4850 sonis
527 4763 768 4875 benigniter
789 4763 1001 4868 acclinati,
1021 4761 1230 4875 prefatam
1250 4766 1433 4849 litteram
1455 4794 1533 4849 seu
1549 4768 1817 4880 priuilegium
1852 4768 1896 4849 in
1917 4769 2050 4851 omni·

393 4884 474 4971 bus
506 4884 591 4968 suis
629 4884 810 4993 punctis,
848 4883 1055 4993 capitulis,
1092 4882 1289 4989 articulis,
1326 4885 1660 4991 condicionibus,
1696 4885 1973 4990 libertatibus,
2009 4897 2052 4970 et

395 5001 737 5113 exempcionibus
759 5002 800 5084 in
824 5031 875 5088 ea
895 5006 1114 5109 contentis,
1135 5011 1271 5089 ratam
1294 5005 1503 5120 habentes
1528 5015 1657 5117 atque
1680 5017 1858 5117 gratam,
1887 5034 1938 5090 cx
1960 5034 2051 5090 cer·
2161 5115 2168 5128 ι

501 5135 582 5177 τοι-υ·
594 5135 636 5175 1¹1·
1807 5138 1848 5203 os
