5409 6309
996 812 1114 869 ’-
1164 776 1344 890 scr-'2

369 1016 511 1107 tonino
531 1008 665 1129 atque
685 1006 802 1098 Jure‘
813 1000 1183 1124 magdeburgensi
1199 1024 1275 1123 per
1295 1002 1434 1133 ipsum
1451 1008 1629 1100 Paulum
1644 1012 1925 1104 Benedictum
1945 1019 2038 1108 ion·

370 1130 561 1224 dotorem
582 1142 658 1217 aut
676 1154 778 1213 suos
797 1139 995 1238 posteros
1014 1126 1225 1241 legitimos
1245 1134 1446 1217 locarein
1462 1133 1667 1220 suburbio
1686 1137 1877 1245 ejusdem
1893 1144 2038 1251 oppidi
2179 1232 2187 1247 ,
2316 1196 2323 1209 κ

371 1266 416 1341 et
433 1252 557 1339 villae
586 1247 870 1333 Vrocirot'roroo
889 1249 932 1329 in
951 1249 1173 1358 praedicta
1193 1251 1329 1357 sylva,
1352 1260 1397 1333 ct
1416 1251 1538 1333 villae
1562 1242 1845 1337 Jaeuttoaice
1866 1267 1910 1339 et
1938 1261 2037 1343 Vro-
2091 1284 2094 1291 ’

370 1366 577 1457 semirame
584 1368 680 1476 jure
702 1367 984 1451 haereditario
1007 1365 1064 1447 ad
1082 1365 1321 1474 praefatum
1352 1367 1535 1449 Paulum
1556 1368 1812 1477 Hungarum
1832 1360 2042 1482 pertinere

254 1542 263 1553 -
369 1492 694 1600 dignoscuntur.
754 1482 825 1565 Ad
861 1506 990 1595 quem
1026 1490 1175 1566 nostra
1208 1482 1419 1565 beneficia
1454 1483 1699 1586 habuimus,
1736 1492 1972 1575 studiosum
1995 1504 2038 1578 et
2142 1530 2145 1537 ·

371 1614 581 1693 aetenum
606 1602 711 1686 etin
733 1601 939 1684 hacteuus
960 1603 1067 1683 etin
1083 1611 1303 1708 posterum
1322 1611 1373 1682 nt
1393 1599 1645 1684 haberemus
1668 1629 1765 1683 eum
1789 1596 2037 1715 hilariorem,

371 1726 579 1815 donamus
600 1721 739 1806 eidem
760 1719 892 1803 Paulo
923 1717 1158 1800 Benedicta
1188 1718 1401 1828 Hungaro
1423 1724 1475 1799 ac
1496 1718 1583 1800 suis
1604 1719 1920 1803 successoribus
1942 1751 2041 1833 per·

369 1838 596 1954 petualiter
625 1847 772 1922 nostra
801 1861 919 1918 mera
941 1836 994 1917 de
1014 1833 1254 1933 voluntate,
1274 1846 1325 1917 ut
1344 1835 1504 1919 ibidem
1527 1836 1583 1917 ad
1603 1838 1851 1946 praedictae
1892 1842 2038 1947 sylvae

371 1957 695 2069 extirpationem
708 1953 883 2067 possint
901 1980 953 2034 ac
975 1951 1163 2036 debeant
1183 1951 1411 2060 cujuslibet
1429 1952 1602 2065 linguae
1623 1969 1675 2037 ao
1695 1955 1878 2040 nationis
1905 1957 2042 2041 homi-

370 2102 448 2161 nes
469 2075 701 2177 conveniri,
723 2072 836 2155 omni
856 2070 1190 2154 contradictione
1223 2081 1406 2176 semota,
1428 2096 1479 2154 ac
1499 2071 1657 2154 ibidem
1680 2074 1890 2182 oppidum
1904 2074 1948 2155 in
1969 2098 2041 2159 su·
2133 2138 2137 2150 .

371 2190 523 2282 bmbio
552 2188 713 2293 locare,
744 2198 993 2274 construere
1013 2197 1058 2272 et
1077 2188 1328 2291 acdificarc,
1346 2219 1424 2300 pro
1445 2218 1493 2272 sc
1515 2214 1643 2302 quam
1676 2190 1764 2273 suis
1785 2196 2042 2278 successori·

340 2320 344 2329 '
370 2304 453 2396 bus
471 2304 662 2422 ligitimis
681 2296 884 2409 retinere,
907 2330 984 2389 seu
1004 2304 1179 2389 cuilibet
1208 2304 1325 2389 alteri
1357 2312 1613 2409 concedere,
1650 2309 1914 2413 condonare,
1934 2338 2042 2393 ven·
2186 2350 2191 2355 ·

372 2428 493 2543 dere,
514 2455 592 2511 seu
612 2426 804 2538 quolibet
824 2423 970 2528 modo,
999 2424 1095 2532 jure
1117 2424 1198 2509 snb
1223 2425 1372 2509 eodem
1404 2425 1672 2511 Theutonico
1704 2425 1906 2531 alienare,
1928 2429 2040 2512 ordi·

283 2548 286 2554 ’
371 2570 494 2649 nore;
526 2544 644 2655 quod
675 2545 963 2652 saepedictus·
983 2542 1140 2624 Paulus
1161 2542 1397 2654 Hungarus
1419 2554 1463 2626 et
1482 2546 1546 2626 sui
1567 2542 1747 2655 legitimi
1768 2571 2041 2630 successores

371 2663 613 2747 molendina
652 2671 868 2772 quotquot
907 2658 1062 2741 fuerint
1102 2672 1360 2769 opportuna,
1401 2688 1572 2765 mensus
1622 2682 1802 2770 panum,
1849 2670 2040 2746 sutorum
2125 2684 2128 2691 '

214 2832 224 2847 ·
371 2790 504 2891 atque
540 2779 720 2863 macella
755 2776 1002 2863 carnificum
1022 2787 1067 2860 et
1087 2777 1288 2861 tabernas
1326 2779 1517 2861 similiter
1552 2780 1804 2881 aedificare,
1839 2781 1979 2864 locare
2002 2790 2044 2862 et

372 2909 638 3001 construere,
652 2897 751 3004 jure
771 2893 852 2978 sub
875 2894 1026 2977 eodem
1045 2895 1259 3004 praefat03
1282 2896 1520 3004 oppidanos
1543 2898 1684 2978 autem
1708 2906 1751 2977 et
1770 2895 2041 2980 suburbanos

370 3014 552 3126 praefati
574 3009 720 3124 oppidi
741 3040 823 3094 neo
844 3036 930 3096 non
949 3011 1073 3094 villae
1100 3012 1384 3094 Vrocimirowc
1419 3014 1613 3095 volumus
1645 3040 1739 3094 esse
1768 3020 2041 3119 supportatos
2119 3106 2131 3121 ,

370 3135 428 3216 ab
451 3129 927 3240 omni;j1uePolouieeli
947 3127 1067 3238 et'ab
1089 3131 1342 3214 auctoritate
1375 3128 1734 3232 Castellauorum,
1762 3128 1793 3213 J
1795 3128 1966 3212 udieum
1988 3158 2043 3211 ac

371 3248 546 3335 allorum
558 3240 834 3351 Officialium,
855 3245 977 3330 stab
998 3242 1195 3330 omuibus
1217 3248 1424 3360 angariis,
1440 3266 1551 3357 quae
1573 3247 1711 3331 solent
1729 3276 1808 3358 per
1827 3245 2044 3357 praefatos
2258 3344 2262 3355 ¹

349 3358 585 3461 ,officiales
623 3366 826 3467 exerceri,
856 3386 941 3448 non
974 3364 1162 3449 debeant
1193 3390 1270 3448 seu
1300 3372 1526 3449 teneantur
1545 3359 1753 3477 praedicti
1775 3364 1979 3473 oppidani
2001 3370 2043 3447 et
2194 3390 2202 3401 ·

369 3482 604 3569 suburbani
625 3493 701 3565 aut
721 3480 872 3567 Coloni
890 3483 935 3581 in
957 3479 1234 3566 Vrocime‘rcwa
1254 3500 1332 3593 p'ro
1353 3488 1615 3597 quacunque
1637 3510 1769 3568 eausa
1790 3510 1866 3566 seu
1889 3482 2042 3571 delicto
2162 3524 2166 3533 =

331 3706 334 3715 Ι
373 3631 425 3687 ac
443 3601 556 3687 furto
576 3601 647 3684 vel
667 3599 906 3701 homicidio,
922 3703 925 3712 Ι
942 3599 1023 3681 nisi
1059 3628 1221 3707 coram·
1237 3628 1313 3686 suo
1350 3603 1507 3685 herede
1527 3603 1598 3686 vel
1619 3601 1709 3709 ejus
1731 3603 1942 3686 advocato
1963 3628 2042 3711 per

261 3736 265 3742 '
372 3720 558 3835 eundem
588 3720 817 3802 constituto
846 3715 1124 3825 respondere3
1148 3726 1191 3800 et
1211 3733 1260 3801 ut
1281 3730 1514 3804 memorata
1544 3719 1666 3830 sylva
1694 3718 1861 3827 plenius
1896 3729 2044 3827 posset

373 3838 590 3950 extirpari,
610 3836 780 3939 iisdem,
802 3836 877 3946 qui
897 3833 1057 3918 ibidem
1078 3862 1202 3941 suam
1217 3839 1445 3921 struxerint
1459 3840 1736 3941 mansionem,
1750 3836 1905 3946 uiginti
1922 3837 2052 3943 anuis¹

373 3954 659 4046 omnimodam
681 3952 952 4039 concedimus
971 3952 1229 4059 libertatem,
1252 3983 1341 4069 qua
1360 3955 1556 4040 libertate
1579 3954 1743 4064 elapsu,
1762 3954 1873 4066 solis
1893 3950 2042 4037 Domi·
2127 4055 2129 4065 ,

374 4077 440 4157 nis
460 4099 591 4184 saepe
612 4073 736 4155 dictis
759 4069 961 4184 oppidani
982 4080 1026 4157 et
1046 4072 1182 4157 coloni
1205 4098 1379 4157 censum
1404 4076 1589 4158 'reddere
1610 4100 1694 4181 seul
1710 4073 1811 4156 dare
1832 4070 2042 4155 tenebun-

374 4203 455 4295 tur,
469 4190 597 4302 juxta
614 4188 966 4275 cousuetudinem
988 4190 1133 4299 oppidi
1154 4188 1330 4274 Bobowa
1346 4190 1415 4303 (”).
1477 4191 1538 4278 Et
1559 4191 1694 4277 coloni
1716 4188 1916 4293 similiter,
1937 4216 2046 4298 que·

375 4309 649 4395 msdmodum
670 4309 712 4391 in
735 4308 827 4390 aliis
845 4305 973 4410 villis,
1009 4305 1090 4390 sub
1128 4312 1375 4419 quorumvis
1411 4319 1628 4418 potestate
1661 4310 1902 4393 constitutis
1924 4300 2042 4388 'loris

377 4428 533 4510 diesin
553 4427 666 4509 dicto
689 4425 845 4535 oppido
867 4422 1045 4534 singidis
1065 4422 1179 4507 feriis
1201 4426 1398 4510 secundis
1419 4428 1462 4509 in
1483 4432 1733 4540 perpetuum
1766 4425 2047 4512 obseruantur
2158 4492 2162 4503 „

378 4541 477 4658 (sic)
508 4543 763 4652 imponimus
793 4544 884 4624 sive
913 4543 1162 4648 statuimus3
1185 4553 1227 4624 et
1247 4545 1514 4641 nihilominus
1536 4548 1593 4628 ad
1612 4546 1748 4654 petita
1770 4552 1812 4626 ct
1832 4541 2047 4652 supplica·

376 4663 524 4749 tiones
534 4660 770 4771 Msjestatis
792 4660 986 4771 Reginae
1006 4658 1207 4743 Poloniae
1229 4669 1273 4743 et
1293 4662 1469 4746 aliorum
1484 4665 1777 4773 ¹Domiuorum
1810 4669 1939 4775 atque
1959 4656 2047 4741 Ba·

471 4918 523 5066 t(¹)
547 4920 683 5065 Bupbcvc
697 4918 856 5006 oppidum
873 4917 1019 5007 regionis
1035 4887 1207 4985 Biecensls
1232 4941 1259 4984 a
1274 4920 1367 5015 loto.

489 5030 553 5065 aas·
784 5080 792 5099 .
1252 5086 1258 5095 ·
1373 5018 1379 5033 =
1519 5084 1522 5095 .
1901 5021 1942 5086 26
2092 5064 2096 5071 ἱ
