5409 6309
1024 748 1418 831 r-ro-⁴

359 960 600 1077 prepositus
620 956 966 1068 Mijechoviensis
989 955 1147 1042 devote
1164 947 1289 1042 nobis
1312 949 1494 1074 dilectus
1514 978 1592 1040 suo
1610 965 1652 1038 et
1672 961 1811 1046 tocius
1832 962 1899 1047 sui
1914 964 2029 1050 (ion-

358 1089 511 1163 ventris
529 1079 711 1161 *nomine
744 1075 930 1159 exhibito
960 1075 1183 1187 privilegio
1213 1071 1483 1184 infrascripto
1520 1074 1800 1191 donacionem
1845 1081 2030 1192 thelonej
2111 1165 2132 1186 ‚.

340 1197 401 1280 'in
420 1195 530 1280 Villa
553 1193 684 1278 Ctetm
704 1192 760 1305 (⁸)
798 1192 912 1277 dieto
948 1192 1205 1276 Monasterio
1241 1191 1401 1274 factam
1436 1192 1676 1276 continente
1708 1193 1759 1277 In
1787 1199 1909 1281 cuius
1929 1197 2031 1310 pos·

358 1314 548 1399 sessione
568 1313 670 1395 lieet
688 1309 826 1414 suerit,
848 1311 1017 1394 Tamen
1037 1313 1141 1421 quia
1161 1307 1357 1420 Sigillum
1377 1310 1568 1393 eiusdem
1589 1311 1797 1422 privilegij
1812 1341 1888 1421 pro
1909 1327 2031 1427 parto
2171 1313 2180 1372 ’-

250 1467 253 1476 ¹
360 1432 542 1516 fractum
561 1427 689 1513 firerit
706 1429 840 1539 peoijt
867 1428 971 1511 illud
991 1456 1068 1539 per
1089 1433 1168 1512 nos
1190 1427 1421 1537 approbarj
1455 1438 1498 1511 et
1527 1430 1767 1538 confinnarj
1800 1430 1934 1518 Cuius
1965 1462 2033 1520 se·
2140 1491 2145 1498 -

351 1550 663 1662 quiturtcnor.
1190 1600 1194 1612 ·
1333 1580 1343 1597 ·
1506 1654 1509 1661 Ι
1657 1563 1681 1596 ’·
1729 1603 1732 1611 1

521 1733 525 1741 ·
568 1682 619 1764 ln
639 1682 811 1766 nomine
848 1681 1007 1765 domini
1027 1682 1161 1764 nostri
1182 1678 1293 1764 Jesu
1330 1678 1505 1764 Christie
1553 1676 1770 1779 Quoniam
1803 1686 2031 1794 generacio

438 1784 585 1911 perit,
607 1808 651 1880 et
671 1799 896 1910 generacio
919 1799 1094 1880 advenit
1115 1792 1379 1890 evanescunt
1398 1825 1502 1909 sepe
1521 1798 1706 1909 negocia
1721 1827 1807 1912 que
1824 1800 1905 1885 sub
1922 1811 2031 1885 tem-
2063 1844 2068 1858 ·

463 1944 567 2025 pore
601 1914 775 2027 volubilj
814 1924 1036 2028 geruntur,
1071 1941 1250 2000 necesse
1282 1925 1347 1999 est
1385 1943 1478 2028 erqo
1508 1916 1742 1999 litterarum
1763 1918 1962 2027 apicibus
1980 1948 2030 2004 ac

462 2029 635 2116 testium
672 2036 952 2119 annotacione
985 2033 1155 2145 singula
1186 2033 1416 2118 declarare.
1468 2033 1676 2117 Noverint
1694 2035 1826 2150 igitur
1845 2037 2032 2122 universi
2083 2087 2098 2117 .

462 2161 682 2262 presentes
707 2161 750 2234 et
768 2155 928 2261 posteri
949 2152 1066 2263 quod
1086 2155 1165 2235 nos
1185 2145 1407 2264 Boleslaus
1431 2151 1505 2233 dei·
1518 2153 1667 2263 gracia
1703 2143 1789 2236 dux
1825 2152 2034 2240 Oracovie

393 2286 395 2289 ’
430 2296 434 2304 ’
467 2279 511 2351 ct
532 2268 796 2354 Sandomirie
827 2270 1061 2379 Cupientes
1091 2270 1357 2356 Elemosinas
1388 2269 1563 2353 fratrum
1596 2269 1745 2355 Sancti
1766 2269 1958 2383 Sepulcri
1980 2275 2034 2358 de
2066 2361 2073 2366 ,
2140 2353 2145 2354 f

466 2387 592 2472 domo
613 2387 933 2496 Mye'choviensi
954 2387 1133 2497 amplius
1153 2393 1434 2499 augmentare
1465 2389 1718 2471 contulimus
1757 2390 1917 2474 eisdem
1938 2393 2034 2475 the·

325 2588 330 2596 ,
464 2504 633 2587 loncum
653 2508 696 2587 in
716 2504 816 2589 villa
835 2509 1023 2617 ipsorum
1049 2525 1134 2618 que
1163 2501 1294 2587 creon
1310 2506 1552 2616 wulgariter
1573 2498 2036 2620 consucvit'appellarj5

463 2631 673 2730 perpetuo
694 2624 1011 2731 possidendum.
1058 2624 1128 2708 Ita
1147 2626 1266 2735 quod
1286 2651 1435 2710 omnes
1458 2651 1604 2707 currus
1626 2627 1701 2737 qui
1723 2625 1890 2709 duobus
1913 2630 2035 2739 equis

464 2737 645 2825 trahitur
667 2738 778 2854 (sio),
800 2751 998 2854 quartam
1018 2751 1182 2853 partem
1204 2742 1257 2826 de
1281 2743 1412 2830 Scoto
1435 2742 1601 2826 solvere
1620 2752 1846 2827 teneantur
1866 2747 2035 2857 argenti
2162 2779 2169 2788 ·

462 2857 664 2942 videlicet
697 2860 868 2943 usualis.
924 2856 1009 2958 Qui
1024 2963 1027 2966 g
1043 2887 1145 2944 vero
1180 2887 1267 2945 uno
1305 2887 1417 2972 equo
1445 2860 1625 2942 trahitur
1664 2861 1848 2943 mediam
1867 2871 2034 2970 partem
2085 2930 2091 2940 .

462 2973 628 3057 solvere
660 2972 819 3059 debeat
850 2976 1117 3059 estimationis
1148 2980 1440 3084 prenominate
1456 2987 1505 3057 ut
1523 2983 1668 3060 autem
1684 2987 1831 3066 nostra
1852 2979 2033 3065 donacio
2049 3001 2054 3010 ’

434 3087 438 3093 ’
463 3091 509 3171 in
529 3101 784 3200 perpetuum
812 3091 942 3176 robur
974 3092 1168 3177 obtineat
1197 3093 1408 3178 firmitatis
1430 3102 1474 3175 et
1492 3093 1595 3204 nuilj
1616 3093 1659 3176 in
1679 3104 1901 3204 posterum
1926 3123 2035 3182 ausu
2185 3164 2193 3172 .

335 3264 343 3271 -
464 3210 689 3295 temerario
712 3210 892 3308 eandem
911 3211 1040 3295 liceat
1058 3209 1286 3322 infringere
1307 3220 1550 3322 presentem
1566 3212 1758 3299 codicem
1774 3213 2034 3323 supradictis
2097 3277 2100 3282 Δ

373 3387 377 3398 ,
465 3321 664 3409 fratribus
686 3329 824 3438 notsrj
846 3327 1086 3414 feceramus
1107 3332 1240 3414 nostri
1260 3331 1387 3440 sigilli
1409 3330 1670 3442 appensione
1689 3327 1932 3415 roborando
1953 3330 2057 3414 sub',
2142 3395 2146 3400 -

262 3434 274 3451 ’
455 3444 707 3529 testimonio
739 3446 944 3530 nobilium
973 3456 1213 3531 nostrorum
1243 3447 1425 3558 quorum
1446 3450 1528 3531 heo
1549 3441 1649 3529 sunt
1667 3448 1840 3532 nomina
1876 3447 2034 3533 Comes
2187 3482 2193 3492 ·

464 3557 606 3643 Adam
626 3560 896 3648 Castellanus
920 3564 1239 3666 Oracovisnsis,
1278 3563 1434 3652 Comes
1465 3564 1666 3650 Nicolaus
1686 3564 1905 3652 Palatinus
1927 3565 2036 3651 Ora·
2073 3627 2075 3630 ψ
2128 3587 2134 3598 ’

465 3679 696 3783 coviensis,
733 3680 890 3766 Oomes
928 3681 1158 3794 Sangneus
1193 3682 1412 3767 Palatinus
1450 3682 1804 3783 Sandomiriensis
1824 3683 2035 3769 Dominus

463 3794 596 3880 Fulco
635 3796 925 3883 Cancellarius
956 3801 1085 3886 Ourie
1117 3809 1162 3883 et
1197 3800 1355 3885 Custos
1393 3800 2034 3908 SandomiriensisLaurenoius

463 3909 730 4024 subdapifer‘
747 3916 1104 4003 Sandomiriensis
1140 3916 1325 4021 Michael
1360 3918 1610 4031 subdapifer
1631 3918 1927 4005 Oracoviensis
1949 3914 2036 4006 Ota

463 4030 687 4143 subagazo
724 4032 1034 4120 Oracoviensis.
1087 4035 1249 4121 Datum
1281 4038 1520 4126 Oracoviae
1554 4038 1745 4146 proxima
1776 4039 1909 4125 tercia
1929 4035 2036 4124 feris

332 4171 337 4180 ·
464 4156 565 4257 post
599 4147 789 4236 Octavus
803 4148 809 4157 ’
824 4154 961 4237 Pasce
997 4155 1125 4239 Armo
1157 4154 1313 4239 domini
1352 4156 1574 4244 Millasimo
1598 4155 1888 4241 ducentesimo
1910 4156 2034 4239 sexa·

404 4358 408 4367 ⁸
466 4266 631 4376 gesimo
647 4267 730 4352 Per
750 4298 903 4355 manus
924 4272 1038 4381 Petri
1057 4272 1209 4383 Olericj
1233 4277 1407 4359 ducalis.
1607 4283 1612 4294 '
1758 4275 1765 4286 “

246 4505 252 4516 .
464 4408 556 4494 NOS
596 4413 745 4526 itaque
778 4417 1044 4528 privilegium
1066 4419 1271 4502 insertum
1293 4427 1606 4532 cognoscentes
1629 4446 1722 4501 esse
1737 4418 1902 4528 justum
1918 4417 2034 4528 peti·
2056 4400 2060 4411 ¹

362 4525 647 4644 cionibusque
676 4532 830 4641 prefati
859 4532 1030 4618 Martini
1060 4537 1266 4648 prepositi
1286 4537 1418 4661 veluti
1437 4538 1558 4621 iustis
1580 4545 1816 4661 annuentes
1858 4535 1960 4622 illud
1981 4536 2051 4620 de.

466 4760 508 4843 (²)
532 4761 639 4838 Ctdm
668 4763 747 4831 villa
773 4764 935 4834 territorii
961 4777 995 4835 et
1021 4765 1170 4855 regionis
1200 4766 1299 4854 hodie
1328 4767 1550 4854 lloussiensis,
1574 4739 1755 4857 parochiae
1771 4769 1814 4838 sd
1828 4768 1979 4841 Golaozo
2101 4799 2107 4810 ··

359 4863 553 4946 spectantis.
601 4945 604 4954 Ι
1964 4923 1998 4930 ..
