5409 6309
1114 1453 1252 1570 ΧΙΝ.

867 1667 943 1785 at
967 1697 1132 1783 suno
1159 1700 1299 1808 sarr
1322 1631 1490 1786 aeno.

224 1885 253 1950 s
344 1909 629 1997 empnam
647 1907 905 1999 ramata,
926 1850 1340 1984 hincmaurus
1361 1841 2014 2002 mannanhun-rsuram

906 2010 945 2083 ts
961 2010 1114 2112 Scepoeje
1130 2010 1244 2101 (spir)
1267 2012 1448 2093 malent).
1979 2067 1981 2071 Α
2034 2125 2036 2128 v

300 2283 304 2294 .
447 2210 668 2324 Stephanos
689 2212 758 2298 dei
779 2213 946 2324 gracia,
968 2209 1210 2323 Hungarie,
1230 2209 1473 2317 Dalmacic‚
1496 2212 1694 2312 Oroatis·
1712 2212 1878 2316 Raecio,
1914 2212 2014 2299 Ser·

343 2331 424 2428 uie,
446 2329 646 2435 Gallicie‚'
663 2330 938 2433 Lodomerie‚
960 2328 1186 2432 Oomanie,
1216 2328 1507 2446 Bulgarieque
1547 2329 1659 2435 Rex,
1691 2329 1888 2416 omnibus
1924 2342 2014 2417 tam
2084 2389 2086 2394 -

342 2448 612 2557 presentibus
634 2477 771 2560 quam.
800 2446 971 2551 bituris,
1006 2455 1249 2556 presentem
1284 2449 1491 2559 paginam
1525 2449 1799 2559 inspecturis,
1822 2448 2013 2534 Salutem

341 2570 386 2651 in
406 2569 592 2662 omnium
612 2566 833 2656 salvatore.
883 2565 1039 2677 Regis,
1071 2565 1342 2650 sublimitatis
1362 2568 1623 2652 immensitas
1646 2577 1712 2652 est
1730 2569 1774 2650 in
1795 2566 2022 2676 subjecto·

341 2712 434 2768 ram
455 2684 709 2795 oppulencia
723 2694 769 2768 et
782 2684 1022 2793 specialiter
1040 2675 1320 2790 multitudine,
1341 2686 1514 2798 gloriari
1528 2685 1637 2772 solet
1651 2712 1822 2771 suorum
1844 2685 2013 2770 fortuna
2142 2682 2158 2754 s

341 2803 535 2887 libertate
557 2801 825 2887 subditorum
847 2811 891 2885 et
911 2803 1175 2887 solucionum
1197 2830 1250 2885 ac
1270 2805 1547 2891 seruiciorum
1565 2816 1787 2887 nnmerum
1808 2805 1898 2884 sive
1919 2831 2011 2887 mo·

239 2965 242 2970 ·
343 2921 444 3004 dum
477 2921 801 3006 misericorditer
835 2922 1064 3021 moderari,
1083 2922 1146 3008 utl
1166 2921 1423 3029 prescriptis⁴
1451 2921 1583 3004 circa,
1600 2917 1722 3028 le'ges
1763 2919 2012 3023 ementibus,

340 3065 487 3123 eorum
501 3065 700 3128 numerus
717 3047 926 3146 augeatur
943 3035 1012 3148 (²).
1043 3037 1227 3121 Proinde
1249 3037 1304 3119 ad
1324 3037 1618 3121 universorum
1637 3036 1841 3121 noticiam
1861 3036 2011 3118 harum

231 3239 233 3248 A
341 3158 449 3240 serie
470 3155 664 3240 volumus
684 3157 923 3265 pervenire,
960 3150 1088 3252 Quod
1108 3181 1206 3237 cum
1226 3162 1326 3264 post
1344 3154 1570 3238 hanutum
1606 3153 1765 3238 domini
1784 3150 1887 3235 Bele
1908 3149 2010 3234 Illu-

275 3367 278 3372 x
341 3273 437 3356 stris
457 3272 591 3383 Regis
613 3269 805 3388 Ungarie
824 3280 1052 3376 terrarum,
1088 3272 1222 3382 patris
1257 3272 1392 3356 nostri
1425 3270 1737 3356 recordacionis
1757 3265 2011 3370 felicissime,

415 3532 490 3610 .(¹)
510 3529 563 3595 Ex
578 3527 786 3614 apographo,
802 3528 893 3612 quod
906 3528 941 3594 in
957 3528 1134 3596 Tabulatis
1150 3529 1258 3616 Regni
1272 3528 1643 3599 Polonias'asserratur
1667 3495 1832 3615 (Me'trpki
1851 3526 1928 3594 ker.
1943 3524 2011 3592 vel
2126 3593 2132 3602 ,
2212 3577 2219 3588 ,

343 3620 382 3682 21
397 3615 455 3681 fol.
473 3616 534 3679 261
553 3622 586 3680 ct
601 3617 712 3696 seqq.)
742 3613 993 3698 descripserunt
1021 3613 1187 3684 Antonius
1215 3613 1455 3691 Mucakowslri,
1478 3623 1513 3679 st
1526 3612 1739 3680 doctissimus
1766 3612 1816 3679 rei
1833 3611 2013 3678 litterariae

342 3699 543 3767 Polonorom
559 3696 750 3776 historicus,
775 3696 852 3761 olim
869 3696 1037 3762 Tabularii
1052 3701 1242 3783 praefectus
1256 3698 1351 3765 Felix
1367 3697 1595 3765 Bentkowski.
1619 3695 1835 3783 Privilegiurn
1850 3693 2013 3780 Stephani

343 3786 432 3872 regis
447 3805 521 3848 oum
536 3780 704 3847 nonnullis
719 3790 828 3846 tarsen
844 3781 903 3847 sed
919 3804 986 3846 non
1004 3786 1084 3850 satis
1099 3783 1197 3849 claris
1213 3781 1447 3882 adlegandum
1462 3781 1786 3857 abbreviationibus,
1798 3782 1964 3848 invenitur
1977 3779 2014 3845 in

341 3868 556 3965 transumptis
572 3888 731 3935 annorum
749 3868 828 3930 1321
847 3866 881 3931 et
897 3865 991 3949 1420,
1007 3887 1091 3951 quae
1107 3869 1206 3932 etiam
1221 3867 1284 3932 huc
1299 3890 1334 3932 rn
1349 3865 1621 3940 annotationibus
1648 3865 1784 3932 edimus.
1822 3862 2013 3950 Stephanus

342 3959 412 4038 ejus
427 3953 570 4018 nomime
586 3951 732 4036 quintus,
748 3973 806 4015 rex
821 3950 1023 4037 Hungariae,
1040 3951 1126 4018 filius
1142 3951 1242 4017 Belae
1257 3952 1306 4019 tv
1308 4000 1317 4031 ,
1329 3951 1483 4038 regnavit
1498 3952 1585 4016 intra
1599 3972 1704 4015 annos
1721 3949 1899 4014 ltro-ts.
1940 3947 2012 4016 Sec·
2130 4017 2134 4022 ,

339 4062 428 4132 pase,
445 4037 608 4124 Sceptra,
625 4029 717 4123 les,
732 4033 889 4119 polonice
904 4057 986 4101 vero
1003 4034 1088 4124 spe.
1107 4037 1231 4101 Ziemia
1242 4036 1371 4125 Spisto,
1385 4045 1475 4100 terra
1488 4035 1523 4099 in
1535 4034 1687 4108 confiniis
1699 4034 1860 4101 Poloniae
1869 4043 1905 4100 et
1916 4034 2034 4108 Ham.
2102 4094 2106 4101 .

367 4122 466 4201 ariae,
480 4119 658 4199 montibus,
676 4120 733 4202 qui
748 4118 908 4203 carpathi
923 4119 1077 4185 dicamur
1092 4120 1242 4205 aduecta,
1269 4120 1443 4206 provincia
1472 4120 1548 4185 olim
1578 4120 1751 4204 Poloniae,
1772 4142 1792 4183 a
1805 4117 2012 4204 temporibus

323 4226 325 4234 ·
342 4143 489 4270 boleslai
503 4203 585 4269 dicti
599 4204 835 4289 Krzywousty,
848 4203 1023 4289 provincia
1038 4205 1242 4290 Hungariae,
1268 4214 1440 4291 postremo
1456 4205 1498 4269 ad
1518 4225 1641 4289 corpus
1658 4202 1871 4289 Reipublrcae
1895 4202 2008 4268 Vladi·

344 4288 415 4354 slao
432 4287 605 4386 Jsgellone
621 4297 792 4372 regnante,
806 4289 914 4354 rediit.
950 4290 1001 4354 De
1018 4289 1191 4387 Scepusia‚
1206 4288 1281 4389 lege
1296 4288 1408 4390 magni
1422 4286 1579 4354 momenti
1594 4287 1862 4355 dissertationem
1876 4286 2009 4350 univer·

344 4373 450 4437 sitatis
465 4371 642 4436 litterariae
658 4372 884 4438 cracoviensis
905 4373 1109 4456 professoris
1123 4373 1291 4440 Ludcvrci
1305 4372 1474 4460 Zerzneri
1491 4372 1526 4438 ln
1541 4394 1655 4459 opere:
1685 4370 1897 4456 „Biblioteka
1911 4370 2011 4434 War-

345 4456 523 4538 sz'awska,”
540 4456 632 4520 1854.
649 4456 679 4521 Τ
697 4458 728 4538 3,
742 4478 818 4556 pag.
832 4462 848 4521 1
865 4466 899 4520 et
915 4459 987 4526 197.
1260 4527 1263 4536 ,

447 4543 490 4621 (²)
513 4539 632 4604 Totam
659 4550 854 4607 sententram
879 4539 975 4624 hanc,
1002 4562 1085 4625 quae
1110 4540 1280 4607 intellectu
1304 4540 1450 4609 difficilis
1477 4553 1529 4614 est
1557 4552 1591 4608 et
1612 4549 1757 4628 propter
1774 4537 1890 4603 malam
1904 4538 2009 4604 inter·

344 4619 559 4712 perictionem
566 4631 600 4687 et
606 4635 745 4710 propter
760 4624 1037 4707 abbreviationes,
1047 4625 1267 4692 Bentkowski
1279 4627 1326 4712 sic
1338 4625 1432 4712 legit:
1458 4627 1574 4714 ‚Regio
1589 4623 1798 4693 sublimitatis
1808 4623 2010 4690 immensitas

344 4707 397 4777 es't
410 4710 445 4775 in
459 4710 683 4794 subjectorum
714 4707 899 4794 opulencia,
922 4719 957 4774 et
971 4708 1161 4793 speciahter
1187 4709 1394 4776 multitudine
1421 4676 1558 4811 gloriari
1587 4709 1684 4793 solet,
1714 4708 1851 4777 suorum
1878 4708 2013 4776 fortuna

343 4794 451 4878 (abbr.¹
460 4796 587 4886 jonae)
601 4791 754 4859 libertate
769 4792 975 4860 subditorum
990 4803 1024 4859 et
1039 4794 1249 4862 solutionum
1262 4817 1301 4861 ac
1317 4797 1535 4862 servicroram
1549 4818 1719 4862 numerum
1737 4792 2011 4876 (multitudinemt

344 4879 435 4946 abbr.
452 4881 542 4957 mter)
571 4875 641 4944 sive
672 4877 804 4944 modum
822 4877 1081 4943 misericorditer
1107 4878 1283 4964 moderari,
1299 4880 1348 4947 uti
1361 4880 1559 4967 prescriptis
1588 4883 1679 4947 circa
1698 4879 1791 4967 leges
1815 4877 2008 4958 sinentrbus,

345 4986 456 5029 eorum
472 4983 627 5028 numerus
641 4963 749 5046 (abbr.
764 4965 839 5043 aas)
852 4971 1021 5049 augeatur.
1068 4977 1076 5000 ⁶

437 5066 519 5106 rens·
533 5063 574 5102 111.
1451 5065 1454 5076 ·
1866 5063 1906 5127 13
