<?xml version="1.0" encoding="UTF-8"?>
<!DOCTYPE html PUBLIC "-//W3C//DTD XHTML 1.0 Transitional//EN"
    "http://www.w3.org/TR/xhtml1/DTD/xhtml1-transitional.dtd">
<html xmlns="http://www.w3.org/1999/xhtml" xml:lang="en" lang="en">
 <head>
  <title>
</title>
<meta http-equiv="Content-Type" content="text/html;charset=utf-8" />
  <meta name='ocr-system' content='tesseract 3.04.00' />
  <meta name='ocr-capabilities' content='ocr_page ocr_carea ocr_par ocr_line ocrx_word'/>
</head>
<body>
  <div class='ocr_page' id='page_1' title='image "./codexdiplomatic00bobogoog_0194.png"; bbox 0 0 5409 6309; ppageno 0'>
   <div class='ocr_carea' id='block_1_1' title="bbox 1234 781 1656 877">
    <p class='ocr_par' dir='ltr' id='par_1_1' title="bbox 1234 781 1656 877">
     <span class='ocr_line' id='line_1_1' title="bbox 1234 781 1656 877; baseline 0 0"><span class='ocrx_word' id='word_1_1' title='bbox 1234 781 1656 877; x_wconf 71' lang='lat' dir='ltr'><strong>⁰-rss-</strong></span> 
     </span>
    </p>
   </div>
   <div class='ocr_carea' id='block_1_2' title="bbox 682 985 2467 2188">
    <p class='ocr_par' dir='ltr' id='par_1_2' title="bbox 683 985 2388 1124">
     <span class='ocr_line' id='line_1_2' title="bbox 683 985 2388 1124; baseline -0.005 -29"><span class='ocrx_word' id='word_1_2' title='bbox 683 1015 817 1124; x_wconf 86' lang='lat' dir='ltr'><strong>quam</strong></span> <span class='ocrx_word' id='word_1_3' title='bbox 830 1001 1006 1108; x_wconf 56' lang='lat' dir='ltr'><strong>&#39;faturia</strong></span> <span class='ocrx_word' id='word_1_4' title='bbox 1026 1003 1145 1115; x_wconf 91' lang='lat' dir='ltr'><strong>quod</strong></span> <span class='ocrx_word' id='word_1_5' title='bbox 1162 1027 1244 1086; x_wconf 87' lang='lat' dir='ltr'><strong>nos</strong></span> <span class='ocrx_word' id='word_1_6' title='bbox 1260 1000 1499 1086; x_wconf 71' lang='lat' dir='ltr'><strong>Oiuitatem</strong></span> <span class='ocrx_word' id='word_1_7' title='bbox 1518 985 1707 1086; x_wconf 71' lang='lat' dir='ltr'><strong>notham</strong></span> <span class='ocrx_word' id='word_1_8' title='bbox 1725 998 1902 1085; x_wconf 78' lang='lat' dir='ltr'><strong>Sarrdecr</strong></span> <span class='ocrx_word' id='word_1_9' title='bbox 1918 997 1974 1113; x_wconf 71' lang='lat'><strong>(²)</strong></span> <span class='ocrx_word' id='word_1_10' title='bbox 1990 1002 2047 1085; x_wconf 89' lang='lat' dir='ltr'><strong>ad</strong></span> <span class='ocrx_word' id='word_1_11' title='bbox 2065 1003 2181 1086; x_wconf 82' lang='lat' dir='ltr'><strong>illuni</strong></span> <span class='ocrx_word' id='word_1_12' title='bbox 2199 1004 2356 1108; x_wconf 72' lang='lat' dir='ltr'><strong>loarnn,¹</strong></span> <span class='ocrx_word' id='word_1_13' title='bbox 2385 1013 2388 1018; x_wconf 83' lang='grc'><strong>’</strong></span> 
     </span>
    </p>

    <p class='ocr_par' dir='ltr' id='par_1_3' title="bbox 682 1115 2467 2188">
     <span class='ocr_line' id='line_1_3' title="bbox 682 1115 2467 1241; baseline -0.004 -28"><span class='ocrx_word' id='word_1_14' title='bbox 682 1130 833 1241; x_wconf 88' lang='lat' dir='ltr'><strong>inquo</strong></span> <span class='ocrx_word' id='word_1_15' title='bbox 854 1151 966 1208; x_wconf 89' lang='lat' dir='ltr'><strong>nunc</strong></span> <span class='ocrx_word' id='word_1_16' title='bbox 989 1122 1097 1205; x_wconf 89' lang='lat' dir='ltr'><strong>Villa</strong></span> <span class='ocrx_word' id='word_1_17' title='bbox 1111 1118 1440 1229; x_wconf 73' lang='lat' dir='ltr'><strong>Kamsayczsita</strong></span> <span class='ocrx_word' id='word_1_18' title='bbox 1455 1117 1713 1222; x_wconf 68' lang='lat' dir='ltr'><strong>aetdilactis</strong></span> <span class='ocrx_word' id='word_1_19' title='bbox 1733 1115 1932 1203; x_wconf 82' lang='lat' dir='ltr'><strong>fidelibus</strong></span> <span class='ocrx_word' id='word_1_20' title='bbox 1945 1122 2104 1204; x_wconf 85' lang='lat' dir='ltr'><strong>nostris</strong></span> <span class='ocrx_word' id='word_1_21' title='bbox 2125 1119 2355 1207; x_wconf 73' lang='lat' dir='ltr'><strong>bertholdo</strong></span> <span class='ocrx_word' id='word_1_22' title='bbox 2461 1157 2467 1194; x_wconf 80' lang='lat'>1</span> 
     </span>
     <span class='ocr_line' id='line_1_4' title="bbox 685 1237 2355 1348; baseline -0.004 -18"><span class='ocrx_word' id='word_1_23' title='bbox 685 1247 909 1330; x_wconf 78' lang='lat' dir='ltr'><strong>Advocato</strong></span> <span class='ocrx_word' id='word_1_24' title='bbox 931 1253 975 1342; x_wconf 76' lang='lat' dir='ltr'><strong>,et</strong></span> <span class='ocrx_word' id='word_1_25' title='bbox 995 1237 1182 1325; x_wconf 84' lang='lat' dir='ltr'><strong>Amoldo</strong></span> <span class='ocrx_word' id='word_1_26' title='bbox 1200 1263 1297 1320; x_wconf 91' lang='lat' dir='ltr'><strong>cum</strong></span> <span class='ocrx_word' id='word_1_27' title='bbox 1314 1241 1401 1321; x_wconf 85' lang='lat' dir='ltr'><strong>suis</strong></span> <span class='ocrx_word' id='word_1_28' title='bbox 1418 1238 1620 1322; x_wconf 83' lang='lat' dir='ltr'><strong>fratribus</strong></span> <span class='ocrx_word' id='word_1_29' title='bbox 1635 1237 1973 1348; x_wconf 78' lang='lat' dir='ltr'><strong>filijs.&#39;l.yrmanij</strong></span> <span class='ocrx_word' id='word_1_30' title='bbox 1997 1239 2189 1348; x_wconf 78' lang='lat' dir='ltr'><strong>ejusdem</strong></span> <span class='ocrx_word' id='word_1_31' title='bbox 2208 1239 2355 1323; x_wconf 79' lang='lat' dir='ltr'><strong>Advo-</strong></span> 
     </span>
     <span class='ocr_line' id='line_1_5' title="bbox 686 1355 2356 1464; baseline -0.002 -19"><span class='ocrx_word' id='word_1_32' title='bbox 686 1363 804 1445; x_wconf 88' lang='lat' dir='ltr'><strong>cacie</strong></span> <span class='ocrx_word' id='word_1_33' title='bbox 825 1358 1095 1446; x_wconf 76' lang='lat' dir='ltr'>consortibus</span> <span class='ocrx_word' id='word_1_34' title='bbox 1117 1356 1391 1442; x_wconf 78' lang='lat' dir='ltr'>concedimus</span> <span class='ocrx_word' id='word_1_35' title='bbox 1411 1357 1656 1461; x_wconf 84' lang='lat' dir='ltr'><strong>locandam,</strong></span> <span class='ocrx_word' id='word_1_36' title='bbox 1693 1355 1983 1438; x_wconf 83' lang='lat' dir='ltr'><strong>Annectantes</strong></span> <span class='ocrx_word' id='word_1_37' title='bbox 2005 1357 2061 1438; x_wconf 86' lang='lat' dir='ltr'><strong>ad</strong></span> <span class='ocrx_word' id='word_1_38' title='bbox 2080 1359 2218 1464; x_wconf 83' lang='lat' dir='ltr'><strong>ipsam</strong></span> <span class='ocrx_word' id='word_1_39' title='bbox 2240 1357 2356 1443; x_wconf 74' lang='lat' dir='ltr'><strong>civi-</strong></span> 
     </span>
     <span class='ocr_line' id='line_1_6' title="bbox 684 1473 2356 1584; baseline -0.003 -22"><span class='ocrx_word' id='word_1_40' title='bbox 684 1490 817 1562; x_wconf 84' lang='lat' dir='ltr'><strong>tatem</strong></span> <span class='ocrx_word' id='word_1_41' title='bbox 841 1478 1018 1561; x_wconf 82' lang='lat' dir='ltr'><strong>Sondecz</strong></span> <span class='ocrx_word' id='word_1_42' title='bbox 1038 1476 1313 1584; x_wconf 77' lang='lat' dir='ltr'><strong>septuaginta</strong></span> <span class='ocrx_word' id='word_1_43' title='bbox 1335 1474 1441 1559; x_wconf 88' lang='lat' dir='ltr'><strong>duos</strong></span> <span class='ocrx_word' id='word_1_44' title='bbox 1462 1501 1653 1577; x_wconf 82' lang='lat' dir='ltr'><strong>mansos,</strong></span> <span class='ocrx_word' id='word_1_45' title='bbox 1675 1499 1784 1583; x_wconf 88' lang='lat' dir='ltr'><strong>quos</strong></span> <span class='ocrx_word' id='word_1_46' title='bbox 1805 1500 1832 1553; x_wconf 92' lang='lat' dir='ltr'><strong>a</strong></span> <span class='ocrx_word' id='word_1_47' title='bbox 1853 1473 2046 1583; x_wconf 88' lang='lat' dir='ltr'><strong>quolibet</strong></span> <span class='ocrx_word' id='word_1_48' title='bbox 2065 1475 2235 1559; x_wconf 89' lang='lat' dir='ltr'><strong>homine</strong></span> <span class='ocrx_word' id='word_1_49' title='bbox 2256 1502 2356 1557; x_wconf 77' lang='lat' dir='ltr'><strong>eno·</strong></span> 
     </span>
     <span class='ocr_line' id='line_1_7' title="bbox 686 1590 2357 1701; baseline -0.005 -21"><span class='ocrx_word' id='word_1_50' title='bbox 686 1598 882 1681; x_wconf 83' lang='lat' dir='ltr'><strong>dabimus</strong></span> <span class='ocrx_word' id='word_1_51' title='bbox 905 1605 949 1675; x_wconf 90' lang='lat' dir='ltr'><strong>et</strong></span> <span class='ocrx_word' id='word_1_52' title='bbox 967 1595 1121 1679; x_wconf 88' lang='lat' dir='ltr'><strong>liberos</strong></span> <span class='ocrx_word' id='word_1_53' title='bbox 1156 1593 1326 1701; x_wconf 88' lang='lat' dir='ltr'><strong>penitus</strong></span> <span class='ocrx_word' id='word_1_54' title='bbox 1361 1590 1587 1696; x_wconf 78' lang='lat' dir='ltr'><strong>faciemus3</strong></span> <span class='ocrx_word' id='word_1_55' title='bbox 1624 1591 1755 1674; x_wconf 90' lang='lat' dir='ltr'><strong>debet</strong></span> <span class='ocrx_word' id='word_1_56' title='bbox 1791 1601 1934 1673; x_wconf 89' lang='lat' dir='ltr'><strong>autem</strong></span> <span class='ocrx_word' id='word_1_57' title='bbox 1968 1618 2142 1674; x_wconf 89' lang='lat' dir='ltr'><strong>mansus</strong></span> <span class='ocrx_word' id='word_1_58' title='bbox 2179 1591 2357 1701; x_wconf 81' lang='lat' dir='ltr'><strong>quilibet</strong></span> 
     </span>
     <span class='ocr_line' id='line_1_8' title="bbox 688 1708 2356 1820; baseline -0.004 -24"><span class='ocrx_word' id='word_1_59' title='bbox 688 1716 837 1820; x_wconf 85' lang='lat' dir='ltr'><strong>decem</strong></span> <span class='ocrx_word' id='word_1_60' title='bbox 874 1721 1016 1794; x_wconf 87' lang='lat' dir='ltr'><strong>scotos</strong></span> <span class='ocrx_word' id='word_1_61' title='bbox 1053 1711 1220 1820; x_wconf 84' lang='lat' dir='ltr'><strong>argenti</strong></span> <span class='ocrx_word' id='word_1_62' title='bbox 1260 1710 1419 1791; x_wconf 89' lang='lat' dir='ltr'><strong>usualis</strong></span> <span class='ocrx_word' id='word_1_63' title='bbox 1439 1714 1482 1791; x_wconf 92' lang='lat' dir='ltr'><strong>in</strong></span> <span class='ocrx_word' id='word_1_64' title='bbox 1503 1708 1613 1792; x_wconf 88' lang='lat' dir='ltr'><strong>festo</strong></span> <span class='ocrx_word' id='word_1_65' title='bbox 1645 1710 1781 1790; x_wconf 89' lang='lat' dir='ltr'><strong>sancti</strong></span> <span class='ocrx_word' id='word_1_66' title='bbox 1812 1708 1981 1790; x_wconf 89' lang='lat' dir='ltr'><strong>Martini</strong></span> <span class='ocrx_word' id='word_1_67' title='bbox 2002 1735 2154 1804; x_wconf 82' lang='lat' dir='ltr'><strong>census</strong></span> <span class='ocrx_word' id='word_1_68' title='bbox 2174 1710 2356 1811; x_wconf 84' lang='lat' dir='ltr'><strong>nomine,</strong></span> 
     </span>
     <span class='ocr_line' id='line_1_9' title="bbox 688 1823 2356 1942; baseline -0.003 -30"><span class='ocrx_word' id='word_1_69' title='bbox 688 1834 849 1915; x_wconf 88' lang='lat' dir='ltr'><strong>solvere</strong></span> <span class='ocrx_word' id='word_1_70' title='bbox 873 1830 1110 1930; x_wconf 80' lang='lat' dir='ltr'><strong>annuatim3</strong></span> <span class='ocrx_word' id='word_1_71' title='bbox 1135 1831 1187 1909; x_wconf 92' lang='lat' dir='ltr'><strong>de</strong></span> <span class='ocrx_word' id='word_1_72' title='bbox 1210 1825 1367 1936; x_wconf 90' lang='lat' dir='ltr'><strong>quibus</strong></span> <span class='ocrx_word' id='word_1_73' title='bbox 1388 1829 1663 1942; x_wconf 84' lang='lat' dir='ltr'><strong>septuaginta</strong></span> <span class='ocrx_word' id='word_1_74' title='bbox 1685 1823 1851 1908; x_wconf 89' lang='lat' dir='ltr'><strong>duobus</strong></span> <span class='ocrx_word' id='word_1_75' title='bbox 1872 1825 2052 1929; x_wconf 87' lang='lat' dir='ltr'><strong>Mensis,</strong></span> <span class='ocrx_word' id='word_1_76' title='bbox 2068 1854 2142 1909; x_wconf 84' lang='lat' dir='ltr'><strong>sex</strong></span> <span class='ocrx_word' id='word_1_77' title='bbox 2163 1826 2219 1908; x_wconf 88' lang='lat' dir='ltr'><strong>ad</strong></span> <span class='ocrx_word' id='word_1_78' title='bbox 2240 1853 2356 1909; x_wconf 89' lang='lat' dir='ltr'><strong>com-</strong></span> 
     </span>
     <span class='ocr_line' id='line_1_10' title="bbox 688 1935 2356 2052; baseline -0.004 -22"><span class='ocrx_word' id='word_1_79' title='bbox 688 1976 859 2031; x_wconf 91' lang='lat' dir='ltr'><strong>munem</strong></span> <span class='ocrx_word' id='word_1_80' title='bbox 880 1948 1065 2027; x_wconf 90' lang='lat' dir='ltr'><strong>onmium</strong></span> <span class='ocrx_word' id='word_1_81' title='bbox 1088 1937 1256 2027; x_wconf 79' lang='lat' dir='ltr'><strong>Civium</strong></span> <span class='ocrx_word' id='word_1_82' title='bbox 1277 1943 1502 2026; x_wconf 87' lang='lat' dir='ltr'><strong>utilitatem</strong></span> <span class='ocrx_word' id='word_1_83' title='bbox 1523 1971 1610 2052; x_wconf 88' lang='lat' dir='ltr'><strong>pro</strong></span> <span class='ocrx_word' id='word_1_84' title='bbox 1623 1943 1795 2050; x_wconf 83' lang='lat' dir='ltr'><strong>pascuis</strong></span> <span class='ocrx_word' id='word_1_85' title='bbox 1816 1951 1861 2023; x_wconf 91' lang='lat' dir='ltr'><strong>et</strong></span> <span class='ocrx_word' id='word_1_86' title='bbox 1881 1935 1972 2051; x_wconf 86' lang='lat' dir='ltr'><strong>alijs</strong></span> <span class='ocrx_word' id='word_1_87' title='bbox 1994 1944 2141 2024; x_wconf 90' lang='lat' dir='ltr'><strong>usibus</strong></span> <span class='ocrx_word' id='word_1_88' title='bbox 2174 1944 2356 2051; x_wconf 88' lang='lat' dir='ltr'><strong>pertine-</strong></span> 
     </span>
     <span class='ocr_line' id='line_1_11' title="bbox 687 2059 2359 2188; baseline -0.003 -41"><span class='ocrx_word' id='word_1_89' title='bbox 687 2064 806 2149; x_wconf 87' lang='lat' dir='ltr'><strong>bunt:</strong></span> <span class='ocrx_word' id='word_1_90' title='bbox 830 2075 1011 2180; x_wconf 75' lang='lat' dir='ltr'><strong>quatum</strong></span> <span class='ocrx_word' id='word_1_91' title='bbox 1048 2063 1215 2144; x_wconf 90' lang='lat' dir='ltr'><strong>omnino</strong></span> <span class='ocrx_word' id='word_1_92' title='bbox 1247 2059 1385 2165; x_wconf 85' lang='lat' dir='ltr'><strong>liberi,</strong></span> <span class='ocrx_word' id='word_1_93' title='bbox 1410 2072 1453 2148; x_wconf 88' lang='lat' dir='ltr'><strong>at</strong></span> <span class='ocrx_word' id='word_1_94' title='bbox 1473 2063 1525 2142; x_wconf 90' lang='lat' dir='ltr'><strong>de</strong></span> <span class='ocrx_word' id='word_1_95' title='bbox 1549 2060 1717 2188; x_wconf 82' lang='lat' dir='ltr'><strong>duobus</strong></span> <span class='ocrx_word' id='word_1_96' title='bbox 1739 2059 1899 2141; x_wconf 85' lang='lat' dir='ltr'><strong>Mensis</strong></span> <span class='ocrx_word' id='word_1_97' title='bbox 1920 2063 2290 2164; x_wconf 84' lang='lat' dir='ltr'><strong>totacomunitas,</strong></span> <span class='ocrx_word' id='word_1_98' title='bbox 2310 2069 2359 2142; x_wconf 91' lang='lat' dir='ltr'><strong>ut</strong></span> 
     </span>
    </p>
   </div>
   <div class='ocr_carea' id='block_1_3' title="bbox 688 2307 2400 3083">
    <p class='ocr_par' dir='ltr' id='par_1_4' title="bbox 688 2307 2400 3083">
     <span class='ocr_line' id='line_1_12' title="bbox 688 2307 2356 2396; baseline -0.002 -18"><span class='ocrx_word' id='word_1_99' title='bbox 688 2335 758 2384; x_wconf 80' lang='lat' dir='ltr'><strong>rum</strong></span> <span class='ocrx_word' id='word_1_100' title='bbox 773 2310 896 2376; x_wconf 89' lang='lat' dir='ltr'><strong>ibidem</strong></span> <span class='ocrx_word' id='word_1_101' title='bbox 906 2311 1007 2376; x_wconf 84' lang='lat' dir='ltr'><strong>iustis</strong></span> <span class='ocrx_word' id='word_1_102' title='bbox 1023 2319 1057 2390; x_wconf 83' lang='lat' dir='ltr'><strong>et</strong></span> <span class='ocrx_word' id='word_1_103' title='bbox 1069 2308 1329 2384; x_wconf 79' lang='lat' dir='ltr'><strong>racionabilibus</strong></span> <span class='ocrx_word' id='word_1_104' title='bbox 1355 2309 1515 2396; x_wconf 83' lang='lat' dir='ltr'><strong>precibus</strong></span> <span class='ocrx_word' id='word_1_105' title='bbox 1532 2309 1729 2392; x_wconf 18' lang='lat' dir='ltr'><strong>aeli-natael</strong></span> <span class='ocrx_word' id='word_1_106' title='bbox 1744 2318 1780 2374; x_wconf 90' lang='lat' dir='ltr'><strong>ut</strong></span> <span class='ocrx_word' id='word_1_107' title='bbox 1793 2308 1887 2395; x_wconf 89' lang='lat' dir='ltr'><strong>ipsos</strong></span> <span class='ocrx_word' id='word_1_108' title='bbox 1902 2307 1944 2374; x_wconf 88' lang='lat' dir='ltr'><strong>ad</strong></span> <span class='ocrx_word' id='word_1_109' title='bbox 1966 2307 2127 2394; x_wconf 83' lang='lat' dir='ltr'><strong>amphora</strong></span> <span class='ocrx_word' id='word_1_110' title='bbox 2155 2318 2356 2394; x_wconf 50' lang='lat' dir='ltr'><strong>nostrasery</strong></span> 
     </span>
     <span class='ocr_line' id='line_1_13' title="bbox 688 2389 2358 2482; baseline -0.001 -23"><span class='ocrx_word' id='word_1_111' title='bbox 688 2398 775 2461; x_wconf 80' lang='lat' dir='ltr'><strong>vicia</strong></span> <span class='ocrx_word' id='word_1_112' title='bbox 814 2415 1022 2479; x_wconf 80' lang='lat' dir='ltr'><strong>revocemus,</strong></span> <span class='ocrx_word' id='word_1_113' title='bbox 1037 2393 1221 2482; x_wconf 88' lang='lat' dir='ltr'><strong>predictam</strong></span> <span class='ocrx_word' id='word_1_114' title='bbox 1237 2392 1453 2458; x_wconf 84' lang='lat' dir='ltr'><strong>advocaciam</strong></span> <span class='ocrx_word' id='word_1_115' title='bbox 1466 2415 1539 2458; x_wconf 86' lang='lat' dir='ltr'><strong>cum</strong></span> <span class='ocrx_word' id='word_1_116' title='bbox 1553 2389 1717 2458; x_wconf 87' lang='lat' dir='ltr'><strong>universis</strong></span> <span class='ocrx_word' id='word_1_117' title='bbox 1734 2393 1802 2472; x_wconf 78' lang='lat' dir='ltr'><strong>suis</strong></span> <span class='ocrx_word' id='word_1_118' title='bbox 1819 2389 1956 2459; x_wconf 72' lang='lat' dir='ltr'><strong>duribus</strong></span> <span class='ocrx_word' id='word_1_119' title='bbox 1972 2397 2007 2457; x_wconf 89' lang='lat' dir='ltr'><strong>et</strong></span> <span class='ocrx_word' id='word_1_120' title='bbox 2017 2391 2246 2479; x_wconf 80' lang='lat' dir='ltr'><strong>pertinencijs,</strong></span> <span class='ocrx_word' id='word_1_121' title='bbox 2283 2405 2358 2458; x_wconf 81' lang='lat' dir='ltr'><strong>r&#39;otrt</strong></span> 
     </span>
     <span class='ocr_line' id='line_1_14' title="bbox 688 2475 2400 2564; baseline -0.003 -19"><span class='ocrx_word' id='word_1_122' title='bbox 688 2484 756 2545; x_wconf 90' lang='lat' dir='ltr'><strong>ine</strong></span> <span class='ocrx_word' id='word_1_123' title='bbox 822 2478 1048 2564; x_wconf 86' lang='lat' dir='ltr'><strong>mprivilegio</strong></span> <span class='ocrx_word' id='word_1_124' title='bbox 1065 2479 1127 2544; x_wconf 89' lang='lat' dir='ltr'><strong>sub</strong></span> <span class='ocrx_word' id='word_1_125' title='bbox 1143 2477 1283 2564; x_wconf 87' lang='lat' dir='ltr'><strong>singulis</strong></span> <span class='ocrx_word' id='word_1_126' title='bbox 1298 2478 1368 2546; x_wconf 81' lang='lat' dir='ltr'><strong>suis</strong></span> <span class='ocrx_word' id='word_1_127' title='bbox 1383 2478 1539 2543; x_wconf 82' lang='lat' dir='ltr'><strong>clausulis</strong></span> <span class='ocrx_word' id='word_1_128' title='bbox 1554 2478 1756 2560; x_wconf 79' lang='lat' dir='ltr'><strong>continetur,</strong></span> <span class='ocrx_word' id='word_1_129' title='bbox 1767 2479 1856 2563; x_wconf 85' lang='lat' dir='ltr'><strong>ipsis</strong></span> <span class='ocrx_word' id='word_1_130' title='bbox 1870 2475 2009 2542; x_wconf 82' lang='lat' dir='ltr'><strong>Nicolao</strong></span> <span class='ocrx_word' id='word_1_131' title='bbox 2024 2477 2182 2543; x_wconf 82' lang='lat' dir='ltr'><strong>videlicet</strong></span> <span class='ocrx_word' id='word_1_132' title='bbox 2198 2490 2234 2545; x_wconf 87' lang='lat' dir='ltr'><strong>et</strong></span> <span class='ocrx_word' id='word_1_133' title='bbox 2284 2499 2357 2542; x_wconf 89' lang='lat' dir='ltr'><strong>eor·</strong></span> <span class='ocrx_word' id='word_1_134' title='bbox 2392 2499 2400 2510; x_wconf 50' lang='lat'><strong>⁸</strong></span> 
     </span>
     <span class='ocr_line' id='line_1_15' title="bbox 689 2562 2357 2650; baseline -0.001 -21"><span class='ocrx_word' id='word_1_135' title='bbox 689 2566 745 2650; x_wconf 89' lang='lat' dir='ltr'><strong>gio</strong></span> <span class='ocrx_word' id='word_1_136' title='bbox 763 2562 1082 2646; x_wconf 84' lang='lat' dir='ltr'><strong>successoribusque</strong></span> <span class='ocrx_word' id='word_1_137' title='bbox 1102 2563 1293 2643; x_wconf 86' lang='lat' dir='ltr'><strong>eorundem,</strong></span> <span class='ocrx_word' id='word_1_138' title='bbox 1310 2562 1551 2629; x_wconf 78' lang='lat' dir='ltr'><strong>communicato</strong></span> <span class='ocrx_word' id='word_1_139' title='bbox 1577 2571 1770 2628; x_wconf 89' lang='lat' dir='ltr'><strong>nostrorum</strong></span> <span class='ocrx_word' id='word_1_140' title='bbox 1789 2564 1954 2627; x_wconf 82' lang='lat' dir='ltr'><strong>Beronum</strong></span> <span class='ocrx_word' id='word_1_141' title='bbox 1971 2562 2123 2643; x_wconf 86' lang='lat' dir='ltr'><strong>consilio,</strong></span> <span class='ocrx_word' id='word_1_142' title='bbox 2140 2563 2209 2628; x_wconf 85' lang='lat' dir='ltr'><strong>iure</strong></span> <span class='ocrx_word' id='word_1_143' title='bbox 2223 2562 2357 2628; x_wconf 89' lang='lat' dir='ltr'><strong>heredi·</strong></span> 
     </span>
     <span class='ocr_line' id='line_1_16' title="bbox 688 2644 2359 2734; baseline -0.001 -22"><span class='ocrx_word' id='word_1_144' title='bbox 688 2649 773 2712; x_wconf 89' lang='lat' dir='ltr'><strong>tario</strong></span> <span class='ocrx_word' id='word_1_145' title='bbox 804 2654 967 2734; x_wconf 86' lang='lat' dir='ltr'><strong>perpetuo</strong></span> <span class='ocrx_word' id='word_1_146' title='bbox 997 2646 1233 2731; x_wconf 81' lang='lat' dir='ltr'><strong>possidendam</strong></span> <span class='ocrx_word' id='word_1_147' title='bbox 1262 2656 1380 2712; x_wconf 87' lang='lat' dir='ltr'><strong>tenore</strong></span> <span class='ocrx_word' id='word_1_148' title='bbox 1410 2647 1619 2731; x_wconf 79' lang='lat' dir='ltr'><strong>presencium</strong></span> <span class='ocrx_word' id='word_1_149' title='bbox 1645 2646 1831 2712; x_wconf 88' lang='lat' dir='ltr'><strong>censuimus</strong></span> <span class='ocrx_word' id='word_1_150' title='bbox 1847 2644 2114 2711; x_wconf 87' lang='lat' dir='ltr'><strong>confirmandam.</strong></span> <span class='ocrx_word' id='word_1_151' title='bbox 2149 2645 2189 2710; x_wconf 90' lang='lat' dir='ltr'><strong>In</strong></span> <span class='ocrx_word' id='word_1_152' title='bbox 2204 2647 2359 2712; x_wconf 88' lang='lat' dir='ltr'><strong>cuiusrei</strong></span> 
     </span>
     <span class='ocr_line' id='line_1_17' title="bbox 689 2729 2358 2816; baseline -0.003 -19"><span class='ocrx_word' id='word_1_153' title='bbox 689 2742 883 2816; x_wconf 88' lang='lat' dir='ltr'><strong>perpetuam</strong></span> <span class='ocrx_word' id='word_1_154' title='bbox 898 2733 1087 2795; x_wconf 88' lang='lat' dir='ltr'><strong>memoriam</strong></span> <span class='ocrx_word' id='word_1_155' title='bbox 1104 2730 1254 2816; x_wconf 80' lang='lat' dir='ltr'><strong>Sigillum</strong></span> <span class='ocrx_word' id='word_1_156' title='bbox 1270 2740 1419 2794; x_wconf 88' lang='lat' dir='ltr'><strong>nastrum</strong></span> <span class='ocrx_word' id='word_1_157' title='bbox 1434 2731 1572 2816; x_wconf 86' lang='lat' dir='ltr'><strong>Regium</strong></span> <span class='ocrx_word' id='word_1_158' title='bbox 1586 2730 1736 2795; x_wconf 86' lang='lat' dir='ltr'><strong>duximus</strong></span> <span class='ocrx_word' id='word_1_159' title='bbox 1749 2730 1959 2814; x_wconf 86' lang='lat' dir='ltr'><strong>presentibus</strong></span> <span class='ocrx_word' id='word_1_160' title='bbox 1972 2729 2212 2814; x_wconf 87' lang='lat' dir='ltr'><strong>apponendum.</strong></span> <span class='ocrx_word' id='word_1_161' title='bbox 2235 2730 2358 2794; x_wconf 86' lang='lat' dir='ltr'><strong>Datum</strong></span> 
     </span>
     <span class='ocr_line' id='line_1_18' title="bbox 692 2812 2355 2900; baseline -0.001 -20"><span class='ocrx_word' id='word_1_162' title='bbox 692 2816 835 2882; x_wconf 57' lang='lat' dir='ltr'><strong>&lt;samaia</strong></span> <span class='ocrx_word' id='word_1_163' title='bbox 847 2815 946 2886; x_wconf 87' lang='lat' dir='ltr'><strong>Anna</strong></span> <span class='ocrx_word' id='word_1_164' title='bbox 963 2814 1089 2880; x_wconf 88' lang='lat' dir='ltr'><strong>domini</strong></span> <span class='ocrx_word' id='word_1_165' title='bbox 1104 2812 1244 2881; x_wconf 83' lang='lat' dir='ltr'><strong>M.O.c.</strong></span> <span class='ocrx_word' id='word_1_166' title='bbox 1256 2813 1290 2880; x_wconf 78' lang='lat' dir='ltr'>G</span> <span class='ocrx_word' id='word_1_167' title='bbox 1308 2814 1490 2879; x_wconf 77' lang='lat' dir='ltr'><strong>tricesimo.</strong></span> <span class='ocrx_word' id='word_1_168' title='bbox 1529 2814 1745 2879; x_wconf 89' lang='lat' dir='ltr'><strong>Presentibus</strong></span> <span class='ocrx_word' id='word_1_169' title='bbox 1769 2812 1937 2879; x_wconf 90' lang='lat' dir='ltr'><strong>nobilibus</strong></span> <span class='ocrx_word' id='word_1_170' title='bbox 1964 2813 2099 2878; x_wconf 85' lang='lat' dir='ltr'><strong>nostris:</strong></span> <span class='ocrx_word' id='word_1_171' title='bbox 2122 2812 2273 2900; x_wconf 85' lang='lat' dir='ltr'><strong>Navogio</strong></span> <span class='ocrx_word' id='word_1_172' title='bbox 2290 2814 2355 2881; x_wconf 85' lang='lat' dir='ltr'><strong>Ca·</strong></span> 
     </span>
     <span class='ocr_line' id='line_1_19' title="bbox 690 2895 2357 2984; baseline -0.002 -19"><span class='ocrx_word' id='word_1_173' title='bbox 690 2898 842 2983; x_wconf 80' lang='lat' dir='ltr'><strong>stallano,</strong></span> <span class='ocrx_word' id='word_1_174' title='bbox 869 2899 1048 2984; x_wconf 87' lang='lat' dir='ltr'><strong>Spicimiro</strong></span> <span class='ocrx_word' id='word_1_175' title='bbox 1074 2899 1231 2984; x_wconf 82' lang='lat' dir='ltr'><strong>palatino,</strong></span> <span class='ocrx_word' id='word_1_176' title='bbox 1257 2897 1317 2972; x_wconf 70' lang='lat' dir='ltr'><strong>sbi</strong></span> <span class='ocrx_word' id='word_1_177' title='bbox 1343 2920 1406 2963; x_wconf 91' lang='lat' dir='ltr'><strong>neo</strong></span> <span class='ocrx_word' id='word_1_178' title='bbox 1435 2897 1881 2968; x_wconf 76' lang='lat' dir='ltr'><strong>CancellmioCracoviensi.</strong></span> <span class='ocrx_word' id='word_1_179' title='bbox 1897 2896 2049 2963; x_wconf 81' lang='lat' dir='ltr'><strong>Johanne</strong></span> <span class='ocrx_word' id='word_1_180' title='bbox 2064 2895 2256 2964; x_wconf 80' lang='lat' dir='ltr'><strong>Castellano</strong></span> <span class='ocrx_word' id='word_1_181' title='bbox 2273 2898 2357 2964; x_wconf 85' lang='lat' dir='ltr'><strong>San·</strong></span> 
     </span>
     <span class='ocr_line' id='line_1_20' title="bbox 691 2982 2357 3083; baseline -0.002 -33"><span class='ocrx_word' id='word_1_182' title='bbox 691 2982 1019 3083; x_wconf 75' lang='lat' dir='ltr'><strong>dacensi,A(nd)1-ea</strong></span> <span class='ocrx_word' id='word_1_183' title='bbox 1033 2984 1087 3049; x_wconf 89' lang='lat' dir='ltr'><strong>Da</strong></span> <span class='ocrx_word' id='word_1_184' title='bbox 1112 2986 1207 3060; x_wconf 69' lang='lat' dir='ltr'><strong>isere,</strong></span> <span class='ocrx_word' id='word_1_185' title='bbox 1222 2984 1316 3068; x_wconf 83' lang='lat' dir='ltr'><strong>Rege</strong></span> <span class='ocrx_word' id='word_1_186' title='bbox 1357 3006 1377 3046; x_wconf 88' lang='lat' dir='ltr'><strong>a</strong></span> <span class='ocrx_word' id='word_1_187' title='bbox 1423 2982 1549 3048; x_wconf 82' lang='lat' dir='ltr'><strong>adifero</strong></span> <span class='ocrx_word' id='word_1_188' title='bbox 1563 2982 1790 3063; x_wconf 84' lang='lat' dir='ltr'><strong>Cracoviensi‚</strong></span> <span class='ocrx_word' id='word_1_189' title='bbox 1802 2982 1994 3052; x_wconf 86' lang='lat' dir='ltr'><strong>Hermanno</strong></span> <span class='ocrx_word' id='word_1_190' title='bbox 2006 2983 2231 3050; x_wconf 87' lang='lat' dir='ltr'><strong>Procuratore</strong></span> <span class='ocrx_word' id='word_1_191' title='bbox 2242 2991 2357 3048; x_wconf 89' lang='lat' dir='ltr'><strong>nostro</strong></span> 
     </span>
    </p>
   </div>
   <div class='ocr_carea' id='block_1_4' title="bbox 631 2982 2357 3172">
    <p class='ocr_par' dir='ltr' id='par_1_5' title="bbox 631 2982 2357 3172">
     <span class='ocr_line' id='line_1_21' title="bbox 631 2982 2357 3172; baseline -0.001 -41"><span class='ocrx_word' id='word_1_192' title='bbox 631 3110 634 3114; x_wconf 92' lang='lat'><em>-</em></span> <span class='ocrx_word' id='word_1_193' title='bbox 690 3067 849 3153; x_wconf 81' lang='lat' dir='ltr'><strong>generali,</strong></span> <span class='ocrx_word' id='word_1_194' title='bbox 866 3079 898 3133; x_wconf 92' lang='lat' dir='ltr'><strong>et</strong></span> <span class='ocrx_word' id='word_1_195' title='bbox 910 3067 983 3132; x_wconf 89' lang='lat' dir='ltr'><strong>ahis</strong></span> <span class='ocrx_word' id='word_1_196' title='bbox 998 3008 1147 3151; x_wconf 71' lang='lat' dir='ltr'><strong>pluribus</strong></span> <span class='ocrx_word' id='word_1_197' title='bbox 1165 3065 1352 3158; x_wconf 82' lang='lat' dir='ltr'><strong>fidedignis·</strong></span> <span class='ocrx_word' id='word_1_198' title='bbox 1386 2982 1513 3131; x_wconf 63' lang='lat' dir='ltr'><strong>llatum</strong></span> <span class='ocrx_word' id='word_1_199' title='bbox 1529 3088 1719 3172; x_wconf 71' lang='lat' dir='ltr'><strong>parmenus</strong></span> <span class='ocrx_word' id='word_1_200' title='bbox 1746 3065 1869 3130; x_wconf 87' lang='lat' dir='ltr'><strong>domini</strong></span> <span class='ocrx_word' id='word_1_201' title='bbox 1893 3063 1984 3130; x_wconf 88' lang='lat' dir='ltr'><strong>Petri</strong></span> <span class='ocrx_word' id='word_1_202' title='bbox 1998 3063 2169 3151; x_wconf 75' lang='lat' dir='ltr'><strong>prepositi</strong></span> <span class='ocrx_word' id='word_1_203' title='bbox 2184 3065 2357 3132; x_wconf 88' lang='lat' dir='ltr'><strong>Sandomi·</strong></span> 
     </span>
    </p>
   </div>
   <div class='ocr_carea' id='block_1_5' title="bbox 569 3151 1401 3250">
    <p class='ocr_par' dir='ltr' id='par_1_6' title="bbox 569 3151 1401 3250">
     <span class='ocr_line' id='line_1_22' title="bbox 569 3151 1401 3250; baseline -0.001 -34"><span class='ocrx_word' id='word_1_204' title='bbox 569 3171 571 3176; x_wconf 86' lang='lat'>·</span> <span class='ocrx_word' id='word_1_205' title='bbox 599 3153 609 3166; x_wconf 52' lang='lat'>⁸</span> <span class='ocrx_word' id='word_1_206' title='bbox 690 3152 810 3218; x_wconf 89' lang='lat' dir='ltr'><strong>riensis</strong></span> <span class='ocrx_word' id='word_1_207' title='bbox 831 3161 864 3217; x_wconf 88' lang='lat' dir='ltr'><strong>et</strong></span> <span class='ocrx_word' id='word_1_208' title='bbox 878 3151 1142 3250; x_wconf 83' lang='lat' dir='ltr'><strong>vicecancellarij</strong></span> <span class='ocrx_word' id='word_1_209' title='bbox 1159 3151 1259 3218; x_wconf 83' lang='lat' dir='ltr'><strong>Curia</strong></span> <span class='ocrx_word' id='word_1_210' title='bbox 1277 3159 1401 3215; x_wconf 87' lang='lat' dir='ltr'><strong>nostre.</strong></span> 
     </span>
    </p>
   </div>
   <div class='ocr_carea' id='block_1_6' title="bbox 575 3906 2215 3996">
    <p class='ocr_par' dir='ltr' id='par_1_7' title="bbox 575 3906 2215 3996">
     <span class='ocr_line' id='line_1_23' title="bbox 575 3906 2215 3996; baseline 0.001 -24"><span class='ocrx_word' id='word_1_211' title='bbox 575 3919 582 3934; x_wconf 90' lang='lat'><em>&#39;</em></span> <span class='ocrx_word' id='word_1_212' title='bbox 695 3906 811 3972; x_wconf 89' lang='lat' dir='ltr'><strong>stibus:</strong></span> <span class='ocrx_word' id='word_1_213' title='bbox 830 3908 991 3992; x_wconf 85' lang='lat' dir='ltr'><strong>Spitkone</strong></span> <span class='ocrx_word' id='word_1_214' title='bbox 1008 3907 1208 3988; x_wconf 69' lang='lat' dir='ltr'><strong>Castallana</strong></span> <span class='ocrx_word' id='word_1_215' title='bbox 1224 3908 1372 3996; x_wconf 90' lang='lat' dir='ltr'><strong>Sbigneo</strong></span> <span class='ocrx_word' id='word_1_216' title='bbox 1401 3906 1608 3976; x_wconf 86' lang='lat' dir='ltr'><strong>Cancellario</strong></span> <span class='ocrx_word' id='word_1_217' title='bbox 1627 3908 1855 3988; x_wconf 75' lang='lat' dir='ltr'><strong>cracoviensi,</strong></span> <span class='ocrx_word' id='word_1_218' title='bbox 1871 3912 1972 3975; x_wconf 84' lang='lat' dir='ltr'><strong>Petro</strong></span> <span class='ocrx_word' id='word_1_219' title='bbox 1990 3910 2079 3975; x_wconf 87' lang='lat' dir='ltr'><strong>dicto</strong></span> <span class='ocrx_word' id='word_1_220' title='bbox 2096 3908 2215 3977; x_wconf 85' lang='lat' dir='ltr'><strong>Nossal</strong></span> 
     </span>
    </p>
   </div>
   <div class='ocr_carea' id='block_1_7' title="bbox 693 3232 2360 3658">
    <p class='ocr_par' dir='ltr' id='par_1_8' title="bbox 693 3232 2360 3658">
     <span class='ocr_line' id='line_1_24' title="bbox 798 3232 2360 3320; baseline 0 -21"><span class='ocrx_word' id='word_1_221' title='bbox 798 3232 1632 3320; x_wconf 76' lang='lat' dir='ltr'><strong>1344.Nos·itaque1psiusNieolaiiustis....nibus</strong></span> <span class='ocrx_word' id='word_1_222' title='bbox 1663 3235 1857 3308; x_wconf 86' lang='lat' dir='ltr'><strong>satisfacere</strong></span> <span class='ocrx_word' id='word_1_223' title='bbox 1886 3233 2048 3316; x_wconf 85' lang='lat' dir='ltr'><strong>volentes,</strong></span> <span class='ocrx_word' id='word_1_224' title='bbox 2078 3234 2196 3299; x_wconf 85' lang='lat' dir='ltr'><strong>intuitu</strong></span> <span class='ocrx_word' id='word_1_225' title='bbox 2228 3256 2360 3299; x_wconf 87' lang='lat' dir='ltr'><strong>snorum</strong></span> 
     </span>
     <span class='ocr_line' id='line_1_25' title="bbox 693 3317 2359 3406; baseline 0.001 -24"><span class='ocrx_word' id='word_1_226' title='bbox 693 3318 919 3397; x_wconf 69' lang='lat' dir='ltr'><strong>amiciorum,</strong></span> <span class='ocrx_word' id='word_1_227' title='bbox 937 3341 999 3401; x_wconf 92' lang='lat' dir='ltr'><strong>que</strong></span> <span class='ocrx_word' id='word_1_228' title='bbox 1016 3321 1160 3404; x_wconf 84' lang='lat' dir='ltr'><strong>genitori</strong></span> <span class='ocrx_word' id='word_1_229' title='bbox 1175 3328 1294 3384; x_wconf 91' lang='lat' dir='ltr'><strong>nostro</strong></span> <span class='ocrx_word' id='word_1_230' title='bbox 1310 3318 1482 3406; x_wconf 82' lang='lat' dir='ltr'><strong>impendit,</strong></span> <span class='ocrx_word' id='word_1_231' title='bbox 1501 3328 1534 3383; x_wconf 88' lang='lat' dir='ltr'><strong>et</strong></span> <span class='ocrx_word' id='word_1_232' title='bbox 1549 3318 1646 3384; x_wconf 89' lang='lat' dir='ltr'><strong>nobis</strong></span> <span class='ocrx_word' id='word_1_233' title='bbox 1664 3340 1700 3384; x_wconf 90' lang='lat' dir='ltr'><strong>se</strong></span> <span class='ocrx_word' id='word_1_234' title='bbox 1717 3317 1815 3382; x_wconf 81' lang='lat' dir='ltr'><strong>offert</strong></span> <span class='ocrx_word' id='word_1_235' title='bbox 1835 3318 2069 3403; x_wconf 85' lang='lat' dir='ltr'><strong>impensurum,</strong></span> <span class='ocrx_word' id='word_1_236' title='bbox 2088 3318 2154 3384; x_wconf 84' lang='lat' dir='ltr'><strong>sibi</strong></span> <span class='ocrx_word' id='word_1_237' title='bbox 2167 3318 2305 3384; x_wconf 82' lang='lat' dir='ltr'><strong>Nicolao</strong></span> <span class='ocrx_word' id='word_1_238' title='bbox 2320 3340 2359 3384; x_wconf 83' lang='lat' dir='ltr'><strong>aa</strong></span> 
     </span>
     <span class='ocr_line' id='line_1_26' title="bbox 693 3401 2359 3490; baseline 0 -25"><span class='ocrx_word' id='word_1_239' title='bbox 693 3401 780 3466; x_wconf 85' lang='lat' dir='ltr'><strong>natis</strong></span> <span class='ocrx_word' id='word_1_240' title='bbox 822 3402 940 3467; x_wconf 88' lang='lat' dir='ltr'><strong>redicti</strong></span> <span class='ocrx_word' id='word_1_241' title='bbox 956 3403 1096 3489; x_wconf 86' lang='lat' dir='ltr'><strong>Georgij</strong></span> <span class='ocrx_word' id='word_1_242' title='bbox 1114 3403 1173 3468; x_wconf 90' lang='lat' dir='ltr'><strong>eti</strong></span> <span class='ocrx_word' id='word_1_243' title='bbox 1200 3423 1312 3484; x_wconf 89' lang='lat' dir='ltr'><strong>sorum</strong></span> <span class='ocrx_word' id='word_1_244' title='bbox 1341 3401 1515 3490; x_wconf 82' lang='lat' dir='ltr'><strong>legittrmis</strong></span> <span class='ocrx_word' id='word_1_245' title='bbox 1544 3402 1807 3485; x_wconf 81' lang='lat' dir='ltr'><strong>suecessoribus,</strong></span> <span class='ocrx_word' id='word_1_246' title='bbox 1836 3401 2021 3486; x_wconf 87' lang='lat' dir='ltr'><strong>predictum</strong></span> <span class='ocrx_word' id='word_1_247' title='bbox 2047 3402 2256 3490; x_wconf 83' lang='lat' dir='ltr'><strong>privilegium</strong></span> <span class='ocrx_word' id='word_1_248' title='bbox 2286 3425 2359 3467; x_wconf 90' lang='lat' dir='ltr'><strong>cum</strong></span> 
     </span>
     <span class='ocr_line' id='line_1_27' title="bbox 694 3425 2359 3586; baseline 0.001 -36"><span class='ocrx_word' id='word_1_249' title='bbox 694 3425 835 3570; x_wconf 79' lang='lat' dir='ltr'><strong>singulis</strong></span> <span class='ocrx_word' id='word_1_250' title='bbox 850 3485 1006 3553; x_wconf 84' lang='lat' dir='ltr'><strong>clausulis</strong></span> <span class='ocrx_word' id='word_1_251' title='bbox 1022 3496 1056 3550; x_wconf 92' lang='lat' dir='ltr'><strong>et</strong></span> <span class='ocrx_word' id='word_1_252' title='bbox 1070 3426 1219 3577; x_wconf 81' lang='lat' dir='ltr'><strong>articulis</strong></span> <span class='ocrx_word' id='word_1_253' title='bbox 1233 3488 1267 3550; x_wconf 93' lang='lat' dir='ltr'><strong>in</strong></span> <span class='ocrx_word' id='word_1_254' title='bbox 1281 3487 1356 3571; x_wconf 92' lang='lat' dir='ltr'><strong>ipso</strong></span> <span class='ocrx_word' id='word_1_255' title='bbox 1387 3486 1569 3586; x_wconf 85' lang='lat' dir='ltr'><strong>Privilegio</strong></span> <span class='ocrx_word' id='word_1_256' title='bbox 1600 3489 1776 3563; x_wconf 88' lang='lat' dir='ltr'><strong>contentis,</strong></span> <span class='ocrx_word' id='word_1_257' title='bbox 1806 3495 1908 3570; x_wconf 87' lang='lat' dir='ltr'><strong>prout</strong></span> <span class='ocrx_word' id='word_1_258' title='bbox 1935 3489 2135 3572; x_wconf 86' lang='lat' dir='ltr'><strong>patrocinio,</strong></span> <span class='ocrx_word' id='word_1_259' title='bbox 2156 3487 2216 3553; x_wconf 89' lang='lat' dir='ltr'><strong>sub</strong></span> <span class='ocrx_word' id='word_1_260' title='bbox 2232 3509 2359 3572; x_wconf 82' lang='lat' dir='ltr'><strong>appan-</strong></span> 
     </span>
     <span class='ocr_line' id='line_1_28' title="bbox 694 3565 2359 3658; baseline 0.001 -23"><span class='ocrx_word' id='word_1_261' title='bbox 694 3565 788 3636; x_wconf 88' lang='lat' dir='ltr'><strong>sione</strong></span> <span class='ocrx_word' id='word_1_262' title='bbox 815 3582 1003 3636; x_wconf 83' lang='lat' dir='ltr'><strong>nostrorum</strong></span> <span class='ocrx_word' id='word_1_263' title='bbox 1017 3571 1176 3656; x_wconf 89' lang='lat' dir='ltr'><strong>regalium</strong></span> <span class='ocrx_word' id='word_1_264' title='bbox 1191 3572 1383 3658; x_wconf 76' lang='lat' dir='ltr'><strong>Sigillorum</strong></span> <span class='ocrx_word' id='word_1_265' title='bbox 1398 3570 1579 3636; x_wconf 78' lang='lat' dir='ltr'><strong>liberaliter</strong></span> <span class='ocrx_word' id='word_1_266' title='bbox 1594 3571 1841 3652; x_wconf 83' lang='lat' dir='ltr'><strong>confirmamus3</strong></span> <span class='ocrx_word' id='word_1_267' title='bbox 1856 3569 1921 3635; x_wconf 91' lang='lat' dir='ltr'><strong>hoc</strong></span> <span class='ocrx_word' id='word_1_268' title='bbox 1934 3571 2077 3654; x_wconf 87' lang='lat' dir='ltr'><strong>adiecto,</strong></span> <span class='ocrx_word' id='word_1_269' title='bbox 2093 3571 2184 3655; x_wconf 86' lang='lat' dir='ltr'><strong>quod</strong></span> <span class='ocrx_word' id='word_1_270' title='bbox 2199 3571 2288 3637; x_wconf 89' lang='lat' dir='ltr'><strong>idem</strong></span> <span class='ocrx_word' id='word_1_271' title='bbox 2302 3571 2359 3638; x_wconf 81' lang='lat' dir='ltr'><strong>hli-</strong></span> 
     </span>
    </p>
   </div>
   <div class='ocr_carea' id='block_1_8' title="bbox 693 3653 2525 3742">
    <p class='ocr_par' dir='ltr' id='par_1_9' title="bbox 693 3653 2525 3742">
     <span class='ocr_line' id='line_1_29' title="bbox 693 3653 2525 3742; baseline 0.001 -23"><span class='ocrx_word' id='word_1_272' title='bbox 693 3653 807 3720; x_wconf 87' lang='lat' dir='ltr'><strong>colans</strong></span> <span class='ocrx_word' id='word_1_273' title='bbox 831 3665 865 3719; x_wconf 85' lang='lat' dir='ltr'><strong>et</strong></span> <span class='ocrx_word' id='word_1_274' title='bbox 887 3656 956 3720; x_wconf 88' lang='lat' dir='ltr'><strong>nati</strong></span> <span class='ocrx_word' id='word_1_275' title='bbox 978 3654 1213 3742; x_wconf 86' lang='lat' dir='ltr'><strong>dictiGeorgij</strong></span> <span class='ocrx_word' id='word_1_276' title='bbox 1237 3653 1434 3721; x_wconf 79' lang='lat' dir='ltr'><strong>coheredes</strong></span> <span class='ocrx_word' id='word_1_277' title='bbox 1465 3655 1645 3720; x_wconf 87' lang='lat' dir='ltr'><strong>eorundem</strong></span> <span class='ocrx_word' id='word_1_278' title='bbox 1670 3678 1745 3720; x_wconf 87' lang='lat' dir='ltr'><strong>cum</strong></span> <span class='ocrx_word' id='word_1_279' title='bbox 1773 3654 1902 3721; x_wconf 88' lang='lat' dir='ltr'><strong>duobus</strong></span> <span class='ocrx_word' id='word_1_280' title='bbox 1931 3657 2108 3742; x_wconf 88' lang='lat' dir='ltr'><strong>Rynnerijs</strong></span> <span class='ocrx_word' id='word_1_281' title='bbox 2138 3655 2290 3722; x_wconf 84' lang='lat' dir='ltr'><strong>sublattis</strong></span> <span class='ocrx_word' id='word_1_282' title='bbox 2319 3655 2362 3722; x_wconf 87' lang='lat' dir='ltr'><strong>ad</strong></span> <span class='ocrx_word' id='word_1_283' title='bbox 2478 3685 2488 3703; x_wconf 55' lang='grc' dir='ltr'><em>ν</em></span> <span class='ocrx_word' id='word_1_284' title='bbox 2521 3665 2525 3672; x_wconf 74' lang='grc'><em>’</em></span> 
     </span>
    </p>
   </div>
   <div class='ocr_carea' id='block_1_9' title="bbox 568 3739 2446 5016">
    <p class='ocr_par' dir='ltr' id='par_1_10' title="bbox 568 3739 2446 5016">
     <span class='ocr_line' id='line_1_30' title="bbox 694 3739 2360 3824; baseline 0.002 -22"><span class='ocrx_word' id='word_1_285' title='bbox 694 3740 873 3821; x_wconf 84' lang='lat' dir='ltr'><strong>quamlibet</strong></span> <span class='ocrx_word' id='word_1_286' title='bbox 902 3740 1156 3823; x_wconf 84' lang='lat' dir='ltr'><strong>expedicionem</strong></span> <span class='ocrx_word' id='word_1_287' title='bbox 1186 3761 1390 3804; x_wconf 86' lang='lat' dir='ltr'><strong>communem</strong></span> <span class='ocrx_word' id='word_1_288' title='bbox 1413 3761 1486 3804; x_wconf 91' lang='lat' dir='ltr'><strong>cum</strong></span> <span class='ocrx_word' id='word_1_289' title='bbox 1500 3740 1689 3824; x_wconf 74' lang='lat' dir='ltr'><strong>terrigenis,</strong></span> <span class='ocrx_word' id='word_1_290' title='bbox 1719 3739 1867 3804; x_wconf 89' lang='lat' dir='ltr'><strong>nobis&#39;et</strong></span> <span class='ocrx_word' id='word_1_291' title='bbox 1881 3741 2006 3806; x_wconf 85' lang='lat' dir='ltr'><strong>nostris</strong></span> <span class='ocrx_word' id='word_1_292' title='bbox 2028 3740 2207 3807; x_wconf 81' lang='lat' dir='ltr'><strong>heredibus</strong></span> <span class='ocrx_word' id='word_1_293' title='bbox 2236 3742 2360 3809; x_wconf 81' lang='lat' dir='ltr'><strong>servire</strong></span> 
     </span>
     <span class='ocr_line' id='line_1_31' title="bbox 693 3823 2360 3978; baseline 0.002 -91"><span class='ocrx_word' id='word_1_294' title='bbox 693 3823 901 3887; x_wconf 84' lang='lat' dir='ltr'><strong>tenebuntur.</strong></span> <span class='ocrx_word' id='word_1_295' title='bbox 940 3825 1061 3889; x_wconf 89' lang='lat' dir='ltr'><strong>Datum</strong></span> <span class='ocrx_word' id='word_1_296' title='bbox 1078 3827 1227 3890; x_wconf 60' lang='lat' dir='ltr'><strong>&amp;crocia</strong></span> <span class='ocrx_word' id='word_1_297' title='bbox 1266 3827 1368 3891; x_wconf 87' lang='lat' dir='ltr'><strong>Anno</strong></span> <span class='ocrx_word' id='word_1_298' title='bbox 1383 3824 1519 3888; x_wconf 87' lang='lat' dir='ltr'><strong>Domini</strong></span> <span class='ocrx_word' id='word_1_299' title='bbox 1534 3824 1723 3892; x_wconf 81' lang='lat' dir='ltr'><strong>M.C.O.C.</strong></span> <span class='ocrx_word' id='word_1_300' title='bbox 1739 3825 1814 3888; x_wconf 88' lang='lat' dir='ltr'><strong>XL.</strong></span> <span class='ocrx_word' id='word_1_301' title='bbox 1831 3825 1948 3909; x_wconf 82' lang='lat' dir='ltr'><strong>qaa&#39;rto</strong></span> <span class='ocrx_word' id='word_1_302' title='bbox 1980 3825 2276 3978; x_wconf 59' lang='lat' dir='ltr'><strong>Presentibushgs</strong></span> <span class='ocrx_word' id='word_1_303' title='bbox 2293 3827 2360 3974; x_wconf 64' lang='lat' dir='ltr'><strong>Tal-</strong></span> 
     </span>
     <span class='ocr_line' id='line_1_32' title="bbox 2259 3921 2360 3977; baseline -0.01 0"><span class='ocrx_word' id='word_1_304' title='bbox 2259 3921 2330 3977; x_wconf 77' lang='lat' dir='ltr'><strong>aste</strong></span> <span class='ocrx_word' id='word_1_305' title='bbox 2345 3948 2360 3964; x_wconf 89' lang='lat'><strong>·</strong></span> 
     </span>
     <span class='ocr_line' id='line_1_33' title="bbox 693 3990 2360 4080; baseline 0.004 -26"><span class='ocrx_word' id='word_1_306' title='bbox 693 3990 769 4056; x_wconf 87' lang='lat' dir='ltr'><strong>leno</strong></span> <span class='ocrx_word' id='word_1_307' title='bbox 787 3992 1054 4058; x_wconf 82' lang='lat' dir='ltr'><strong>Sandomiriense</strong></span> <span class='ocrx_word' id='word_1_308' title='bbox 1070 3994 1160 4074; x_wconf 74' lang='lat' dir='ltr'><strong>(sic),</strong></span> <span class='ocrx_word' id='word_1_309' title='bbox 1176 3991 1311 4058; x_wconf 88' lang='lat' dir='ltr'><strong>domino</strong></span> <span class='ocrx_word' id='word_1_310' title='bbox 1327 3994 1519 4058; x_wconf 84' lang='lat' dir='ltr'><strong>Hermanno</strong></span> <span class='ocrx_word' id='word_1_311' title='bbox 1534 3991 1744 4058; x_wconf 85' lang='lat' dir='ltr'><strong>Cancellario</strong></span> <span class='ocrx_word' id='word_1_312' title='bbox 1760 3993 1980 4080; x_wconf 80' lang='lat' dir='ltr'><strong>Cuyaviensc‚</strong></span> <span class='ocrx_word' id='word_1_313' title='bbox 2006 4004 2123 4059; x_wconf 82' lang='lat' dir='ltr'><strong>nostro</strong></span> <span class='ocrx_word' id='word_1_314' title='bbox 2139 3995 2360 4061; x_wconf 87' lang='lat' dir='ltr'><strong>Procuratore</strong></span> 
     </span>
     <span class='ocr_line' id='line_1_34' title="bbox 641 4075 2360 4167; baseline 0.001 -24"><span class='ocrx_word' id='word_1_315' title='bbox 641 4117 645 4122; x_wconf 91' lang='lat'>-</span> <span class='ocrx_word' id='word_1_316' title='bbox 695 4075 931 4143; x_wconf 82' lang='lat' dir='ltr'><strong>Cracoviense.</strong></span> <span class='ocrx_word' id='word_1_317' title='bbox 954 4077 1092 4143; x_wconf 87' lang='lat' dir='ltr'><strong>Nicolao</strong></span> <span class='ocrx_word' id='word_1_318' title='bbox 1108 4078 1200 4142; x_wconf 86' lang='lat' dir='ltr'><strong>dioto</strong></span> <span class='ocrx_word' id='word_1_319' title='bbox 1220 4079 1262 4143; x_wconf 88' lang='lat' dir='ltr'>W</span> <span class='ocrx_word' id='word_1_320' title='bbox 1287 4079 1404 4162; x_wconf 81' lang='lat' dir='ltr'><strong>rzingo</strong></span> <span class='ocrx_word' id='word_1_321' title='bbox 1422 4075 1572 4160; x_wconf 86' lang='lat' dir='ltr'><strong>dapifero</strong></span> <span class='ocrx_word' id='word_1_322' title='bbox 1589 4076 1868 4160; x_wconf 79' lang='lat' dir='ltr'><strong>Sandomiriense,</strong></span> <span class='ocrx_word' id='word_1_323' title='bbox 1884 4078 2054 4146; x_wconf 84' lang='lat' dir='ltr'><strong>Clemente</strong></span> <span class='ocrx_word' id='word_1_324' title='bbox 2068 4079 2231 4167; x_wconf 82' lang='lat' dir='ltr'><strong>gledifcro</strong></span> <span class='ocrx_word' id='word_1_325' title='bbox 2244 4091 2360 4148; x_wconf 80' lang='lat' dir='ltr'><strong>nostm</strong></span> 
     </span>
     <span class='ocr_line' id='line_1_35' title="bbox 694 4103 2361 4258; baseline 0.001 -30"><span class='ocrx_word' id='word_1_326' title='bbox 694 4159 893 4228; x_wconf 83' lang='lat' dir='ltr'><strong>Oracovien·</strong></span> <span class='ocrx_word' id='word_1_327' title='bbox 910 4172 943 4228; x_wconf 87' lang='lat' dir='ltr'><strong>et</strong></span> <span class='ocrx_word' id='word_1_328' title='bbox 959 4161 1032 4249; x_wconf 82' lang='lat' dir='ltr'><strong>alijs</strong></span> <span class='ocrx_word' id='word_1_329' title='bbox 1047 4162 1167 4228; x_wconf 86' lang='lat' dir='ltr'><strong>meltis.</strong></span> <span class='ocrx_word' id='word_1_330' title='bbox 1183 4103 1326 4228; x_wconf 76' lang='lat' dir='ltr'><strong>testibus</strong></span> <span class='ocrx_word' id='word_1_331' title='bbox 1341 4160 1527 4258; x_wconf 86' lang='lat' dir='ltr'><strong>fidedignis.</strong></span> <span class='ocrx_word' id='word_1_332' title='bbox 1564 4163 1686 4227; x_wconf 88' lang='lat' dir='ltr'><strong>Datum</strong></span> <span class='ocrx_word' id='word_1_333' title='bbox 1704 4186 1894 4250; x_wconf 78' lang='lat' dir='ltr'><strong>parmenus</strong></span> <span class='ocrx_word' id='word_1_334' title='bbox 1910 4159 2130 4249; x_wconf 82' lang='lat' dir='ltr'><strong>dominipetri</strong></span> <span class='ocrx_word' id='word_1_335' title='bbox 2143 4164 2361 4232; x_wconf 80' lang='lat' dir='ltr'><strong>Vicacsncel·</strong></span> 
     </span>
     <span class='ocr_line' id='line_1_36' title="bbox 692 4242 1519 4334; baseline -0.001 -25"><span class='ocrx_word' id='word_1_336' title='bbox 692 4243 766 4313; x_wconf 88' lang='lat' dir='ltr'><strong>larii</strong></span> <span class='ocrx_word' id='word_1_337' title='bbox 781 4245 877 4312; x_wconf 84' lang='lat' dir='ltr'><strong>Curia</strong></span> <span class='ocrx_word' id='word_1_338' title='bbox 893 4257 1019 4330; x_wconf 83' lang='lat' dir='ltr'><strong>nostre,</strong></span> <span class='ocrx_word' id='word_1_339' title='bbox 1036 4257 1070 4312; x_wconf 90' lang='lat' dir='ltr'><strong>et</strong></span> <span class='ocrx_word' id='word_1_340' title='bbox 1083 4248 1371 4334; x_wconf 85' lang='lat' dir='ltr'><strong>prepositisancti</strong></span> <span class='ocrx_word' id='word_1_341' title='bbox 1385 4242 1519 4310; x_wconf 79' lang='lat' dir='ltr'><strong>floriani</strong></span> 
     </span>
     <span class='ocr_line' id='line_1_37' title="bbox 798 4309 2361 4416; baseline 0.003 -21"><span class='ocrx_word' id='word_1_342' title='bbox 798 4335 842 4413; x_wconf 89' lang='lat'><strong>(¹)</strong></span> <span class='ocrx_word' id='word_1_343' title='bbox 865 4331 1010 4412; x_wconf 67' lang='lat' dir='ltr'><strong>Sondrae.</strong></span> <span class='ocrx_word' id='word_1_344' title='bbox 1039 4333 1155 4413; x_wconf 67' lang='lat' dir='ltr'><strong>Sedere</strong></span> <span class='ocrx_word' id='word_1_345' title='bbox 1168 4332 1222 4397; x_wconf 86' lang='lat' dir='ltr'><strong>vel</strong></span> <span class='ocrx_word' id='word_1_346' title='bbox 1237 4332 1313 4412; x_wconf 71' lang='lat' dir='ltr'><strong>Sors</strong></span> <span class='ocrx_word' id='word_1_347' title='bbox 1325 4328 1427 4394; x_wconf 88' lang='lat' dir='ltr'><strong>hodie</strong></span> <span class='ocrx_word' id='word_1_348' title='bbox 1442 4329 1580 4395; x_wconf 90' lang='lat' dir='ltr'><strong>Polonis</strong></span> <span class='ocrx_word' id='word_1_349' title='bbox 1610 4339 1761 4413; x_wconf 86' lang='lat' dir='ltr'><strong>vocatur,</strong></span> <span class='ocrx_word' id='word_1_350' title='bbox 1790 4309 2002 4397; x_wconf 70' lang='lat' dir='ltr'><strong>latine&#39;vem</strong></span> <span class='ocrx_word' id='word_1_351' title='bbox 2033 4333 2198 4416; x_wconf 74' lang='lat' dir='ltr'><strong>Sandaric,</strong></span> <span class='ocrx_word' id='word_1_352' title='bbox 2214 4333 2294 4400; x_wconf 90' lang='lat' dir='ltr'><strong>urbs</strong></span> <span class='ocrx_word' id='word_1_353' title='bbox 2309 4346 2361 4400; x_wconf 80' lang='lat' dir='ltr'><strong>est</strong></span> 
     </span>
     <span class='ocr_line' id='line_1_38' title="bbox 568 4416 2446 4502; baseline 0.001 -19"><span class='ocrx_word' id='word_1_354' title='bbox 568 4417 571 4424; x_wconf 55' lang='lat'><strong>⁴</strong></span> <span class='ocrx_word' id='word_1_355' title='bbox 693 4419 792 4483; x_wconf 87' lang='lat' dir='ltr'><strong>hodie</strong></span> <span class='ocrx_word' id='word_1_356' title='bbox 808 4418 843 4483; x_wconf 89' lang='lat' dir='ltr'><strong>in</strong></span> <span class='ocrx_word' id='word_1_357' title='bbox 860 4417 907 4484; x_wconf 83' lang='lat' dir='ltr'><strong>Re</strong></span> <span class='ocrx_word' id='word_1_358' title='bbox 935 4441 977 4483; x_wconf 90' lang='lat' dir='ltr'><strong>no</strong></span> <span class='ocrx_word' id='word_1_359' title='bbox 993 4417 1168 4485; x_wconf 88' lang='lat' dir='ltr'><strong>Galliciae.</strong></span> <span class='ocrx_word' id='word_1_360' title='bbox 1198 4416 1355 4483; x_wconf 78' lang='lat' dir='ltr'><strong>Saodecia</strong></span> <span class='ocrx_word' id='word_1_361' title='bbox 1382 4437 1462 4480; x_wconf 71' lang='lat' dir='ltr'><strong>imao</strong></span> <span class='ocrx_word' id='word_1_362' title='bbox 1477 4425 1529 4492; x_wconf 79' lang='lat' dir='ltr'><strong>est</strong></span> <span class='ocrx_word' id='word_1_363' title='bbox 1541 4424 1576 4480; x_wconf 87' lang='lat' dir='ltr'><strong>et</strong></span> <span class='ocrx_word' id='word_1_364' title='bbox 1592 4418 1732 4501; x_wconf 75' lang='lat' dir='ltr'><strong>antipae,</strong></span> <span class='ocrx_word' id='word_1_365' title='bbox 1751 4427 1786 4482; x_wconf 83' lang='lat' dir='ltr'><strong>et</strong></span> <span class='ocrx_word' id='word_1_366' title='bbox 1804 4417 1936 4502; x_wconf 89' lang='lat' dir='ltr'><strong>quidem</strong></span> <span class='ocrx_word' id='word_1_367' title='bbox 1949 4416 2004 4482; x_wconf 91' lang='lat' dir='ltr'><strong>hio</strong></span> <span class='ocrx_word' id='word_1_368' title='bbox 2020 4416 2061 4482; x_wconf 91' lang='lat' dir='ltr'><strong>de</strong></span> <span class='ocrx_word' id='word_1_369' title='bbox 2084 4417 2177 4484; x_wconf 82' lang='lat' dir='ltr'><strong>Nora</strong></span> <span class='ocrx_word' id='word_1_370' title='bbox 2207 4417 2362 4485; x_wconf 65' lang='lat' dir='ltr'><strong>sandeta</strong></span> <span class='ocrx_word' id='word_1_371' title='bbox 2439 4436 2446 4460; x_wconf 86' lang='grc'><em>’</em></span> 
     </span>
     <span class='ocr_line' id='line_1_39' title="bbox 694 4442 2362 4590; baseline 0.001 -23"><span class='ocrx_word' id='word_1_372' title='bbox 694 4505 812 4590; x_wconf 83' lang='lat' dir='ltr'><strong>agitur,</strong></span> <span class='ocrx_word' id='word_1_373' title='bbox 834 4442 959 4589; x_wconf 47' lang='lat' dir='ltr'><strong>oppido</strong></span> <span class='ocrx_word' id='word_1_374' title='bbox 977 4502 1106 4567; x_wconf 88' lang='lat' dir='ltr'><strong>scilicet</strong></span> <span class='ocrx_word' id='word_1_375' title='bbox 1120 4498 1305 4585; x_wconf 83' lang='lat' dir='ltr'><strong>parochiali</strong></span> <span class='ocrx_word' id='word_1_376' title='bbox 1319 4495 1541 4565; x_wconf 85' lang='lat' dir='ltr'><strong>Sandecensis</strong></span> <span class='ocrx_word' id='word_1_377' title='bbox 1555 4499 1735 4580; x_wconf 75' lang='lat' dir='ltr'><strong>territorii,</strong></span> <span class='ocrx_word' id='word_1_378' title='bbox 1752 4505 1846 4587; x_wconf 85' lang='lat' dir='ltr'><strong>cnjus</strong></span> <span class='ocrx_word' id='word_1_379' title='bbox 1861 4502 1959 4582; x_wconf 75' lang='lat' dir='ltr'><strong>etiam</strong></span> <span class='ocrx_word' id='word_1_380' title='bbox 1971 4524 1994 4566; x_wconf 87' lang='lat' dir='ltr'><strong>c</strong></span> <span class='ocrx_word' id='word_1_381' title='bbox 2038 4511 2075 4568; x_wconf 89' lang='lat' dir='ltr'><strong>ut</strong></span> <span class='ocrx_word' id='word_1_382' title='bbox 2090 4511 2153 4567; x_wconf 81' lang='lat' dir='ltr'><strong>est.</strong></span> <span class='ocrx_word' id='word_1_383' title='bbox 2176 4504 2362 4570; x_wconf 65' lang='lat' dir='ltr'><strong>Kamara</strong></span> 
     </span>
     <span class='ocr_line' id='line_1_40' title="bbox 695 4583 2361 4673; baseline -0.001 -21"><span class='ocrx_word' id='word_1_384' title='bbox 695 4596 767 4652; x_wconf 86' lang='lat' dir='ltr'><strong>eret</strong></span> <span class='ocrx_word' id='word_1_385' title='bbox 782 4587 857 4651; x_wconf 82' lang='lat' dir='ltr'><strong>villa</strong></span> <span class='ocrx_word' id='word_1_386' title='bbox 870 4586 1007 4673; x_wconf 87' lang='lat' dir='ltr'><strong>capituli</strong></span> <span class='ocrx_word' id='word_1_387' title='bbox 1022 4583 1250 4651; x_wconf 85' lang='lat' dir='ltr'><strong>cracoviensis</strong></span> <span class='ocrx_word' id='word_1_388' title='bbox 1267 4585 1416 4670; x_wconf 81' lang='lat' dir='ltr'><strong>propria,</strong></span> <span class='ocrx_word' id='word_1_389' title='bbox 1439 4584 1645 4650; x_wconf 84' lang='lat' dir='ltr'><strong>Venceslaus</strong></span> <span class='ocrx_word' id='word_1_390' title='bbox 1662 4586 1806 4672; x_wconf 78' lang='lat' dir='ltr'><strong>capitulo</strong></span> <span class='ocrx_word' id='word_1_391' title='bbox 1822 4585 1917 4651; x_wconf 85' lang='lat' dir='ltr'><strong>dedit</strong></span> <span class='ocrx_word' id='word_1_392' title='bbox 1926 4587 2008 4670; x_wconf 91' lang='lat' dir='ltr'><strong>oppi</strong></span> <span class='ocrx_word' id='word_1_393' title='bbox 2032 4609 2086 4650; x_wconf 88' lang='lat' dir='ltr'><strong>um</strong></span> <span class='ocrx_word' id='word_1_394' title='bbox 2101 4588 2195 4653; x_wconf 72' lang='lat' dir='ltr'><strong>Biora</strong></span> <span class='ocrx_word' id='word_1_395' title='bbox 2209 4595 2242 4650; x_wconf 90' lang='lat' dir='ltr'><strong>et</strong></span> <span class='ocrx_word' id='word_1_396' title='bbox 2253 4585 2361 4650; x_wconf 79' lang='lat' dir='ltr'><strong>villam</strong></span> 
     </span>
     <span class='ocr_line' id='line_1_41' title="bbox 695 4661 2361 4756; baseline -0.001 -20"><span class='ocrx_word' id='word_1_397' title='bbox 695 4672 779 4736; x_wconf 88' lang='lat' dir='ltr'><strong>hanc</strong></span> <span class='ocrx_word' id='word_1_398' title='bbox 796 4695 857 4756; x_wconf 87' lang='lat' dir='ltr'><strong>per</strong></span> <span class='ocrx_word' id='word_1_399' title='bbox 871 4672 1161 4739; x_wconf 88' lang='lat' dir='ltr'><strong>commutationem</strong></span> <span class='ocrx_word' id='word_1_400' title='bbox 1189 4669 1319 4754; x_wconf 82' lang='lat' dir='ltr'><strong>aceepit</strong></span> <span class='ocrx_word' id='word_1_401' title='bbox 1373 4661 1426 4735; x_wconf 85' lang='lat' dir='ltr'><strong>Dc</strong></span> <span class='ocrx_word' id='word_1_402' title='bbox 1448 4669 1641 4735; x_wconf 86' lang='lat' dir='ltr'><strong>fondatione</strong></span> <span class='ocrx_word' id='word_1_403' title='bbox 1657 4672 1768 4737; x_wconf 84' lang='lat' dir='ltr'><strong>Norae</strong></span> <span class='ocrx_word' id='word_1_404' title='bbox 1786 4669 1969 4736; x_wconf 83' lang='lat' dir='ltr'><strong>Sandeeiae</strong></span> <span class='ocrx_word' id='word_1_405' title='bbox 1983 4672 2072 4736; x_wconf 74' lang='lat' dir='ltr'><strong>ocni.</strong></span> <span class='ocrx_word' id='word_1_406' title='bbox 2098 4671 2194 4735; x_wconf 78' lang='lat' dir='ltr'><strong>etism</strong></span> <span class='ocrx_word' id='word_1_407' title='bbox 2209 4671 2244 4735; x_wconf 91' lang='lat' dir='ltr'><strong>in</strong></span> <span class='ocrx_word' id='word_1_408' title='bbox 2259 4691 2361 4754; x_wconf 87' lang='lat' dir='ltr'><strong>opere</strong></span> 
     </span>
     <span class='ocr_line' id='line_1_42' title="bbox 697 4753 2363 4840; baseline -0.002 -17"><span class='ocrx_word' id='word_1_409' title='bbox 697 4758 838 4837; x_wconf 76' lang='lat' dir='ltr'><strong>„Starot</strong></span> <span class='ocrx_word' id='word_1_410' title='bbox 862 4766 919 4821; x_wconf 88' lang='lat' dir='ltr'><strong>tna</strong></span> <span class='ocrx_word' id='word_1_411' title='bbox 933 4756 1075 4823; x_wconf 87' lang='lat' dir='ltr'><strong>Polska&#39;’</strong></span> <span class='ocrx_word' id='word_1_412' title='bbox 1097 4753 1174 4834; x_wconf 81' lang='grc' dir='ltr'><strong>Τ.Ι,</strong></span> <span class='ocrx_word' id='word_1_413' title='bbox 1188 4775 1264 4840; x_wconf 85' lang='lat' dir='ltr'><strong>pag.</strong></span> <span class='ocrx_word' id='word_1_414' title='bbox 1275 4756 1348 4820; x_wconf 78' lang='grc'><strong>217.</strong></span> <span class='ocrx_word' id='word_1_415' title='bbox 1388 4755 1512 4821; x_wconf 83' lang='lat' dir='ltr'><strong>Postea</strong></span> <span class='ocrx_word' id='word_1_416' title='bbox 1526 4754 1684 4840; x_wconf 76' lang='lat' dir='ltr'><strong>oppidum</strong></span> <span class='ocrx_word' id='word_1_417' title='bbox 1698 4756 1763 4821; x_wconf 90' lang='lat' dir='ltr'><strong>hoc</strong></span> <span class='ocrx_word' id='word_1_418' title='bbox 1782 4765 1931 4822; x_wconf 70' lang='lat' dir='ltr'><strong>noenum</strong></span> <span class='ocrx_word' id='word_1_419' title='bbox 1947 4755 2044 4822; x_wconf 87' lang='lat' dir='ltr'><strong>sedes</strong></span> <span class='ocrx_word' id='word_1_420' title='bbox 2059 4765 2132 4820; x_wconf 86' lang='lat' dir='ltr'><strong>erat</strong></span> <span class='ocrx_word' id='word_1_421' title='bbox 2146 4769 2181 4820; x_wconf 86' lang='lat' dir='ltr'><strong>et</strong></span> <span class='ocrx_word' id='word_1_422' title='bbox 2198 4754 2363 4839; x_wconf 81' lang='lat' dir='ltr'><strong>capitanei</strong></span> 
     </span>
     <span class='ocr_line' id='line_1_43' title="bbox 695 4780 2361 4923; baseline -0.002 -17"><span class='ocrx_word' id='word_1_423' title='bbox 695 4852 729 4906; x_wconf 87' lang='lat' dir='ltr'><strong>et</strong></span> <span class='ocrx_word' id='word_1_424' title='bbox 747 4780 928 4922; x_wconf 79' lang='lat' dir='ltr'><strong>castellani,</strong></span> <span class='ocrx_word' id='word_1_425' title='bbox 949 4843 1110 4906; x_wconf 91' lang='lat' dir='ltr'><strong>minorum</strong></span> <span class='ocrx_word' id='word_1_426' title='bbox 1127 4838 1380 4906; x_wconf 85' lang='lat' dir='ltr'><strong>castellanorum</strong></span> <span class='ocrx_word' id='word_1_427' title='bbox 1396 4827 1549 4904; x_wconf 83' lang='lat' dir='ltr'><strong>sanibris.</strong></span> <span class='ocrx_word' id='word_1_428' title='bbox 1588 4839 1722 4906; x_wconf 80' lang='lat' dir='ltr'><strong>Rivuhrs</strong></span> <span class='ocrx_word' id='word_1_429' title='bbox 1753 4842 1935 4907; x_wconf 80' lang='lat' dir='ltr'><strong>Komicaira</strong></span> <span class='ocrx_word' id='word_1_430' title='bbox 1950 4839 2015 4907; x_wconf 91' lang='lat' dir='ltr'><strong>huo</strong></span> <span class='ocrx_word' id='word_1_431' title='bbox 2044 4840 2131 4908; x_wconf 80' lang='lat' dir='ltr'><strong>infra</strong></span> <span class='ocrx_word' id='word_1_432' title='bbox 2150 4849 2361 4923; x_wconf 79' lang='lat' dir='ltr'><strong>memoratus,</strong></span> 
     </span>
     <span class='ocr_line' id='line_1_44' title="bbox 696 4925 1566 5016; baseline -0.008 -23"><span class='ocrx_word' id='word_1_433' title='bbox 696 4930 790 5015; x_wconf 85' lang='lat' dir='ltr'><strong>cujus</strong></span> <span class='ocrx_word' id='word_1_434' title='bbox 806 4926 894 4991; x_wconf 84' lang='lat' dir='ltr'><strong>ostia</strong></span> <span class='ocrx_word' id='word_1_435' title='bbox 908 4928 941 4994; x_wconf 86' lang='lat' dir='ltr'><strong>in</strong></span> <span class='ocrx_word' id='word_1_436' title='bbox 956 4928 1099 5016; x_wconf 74' lang='lat' dir='ltr'><strong>Dunojao</strong></span> <span class='ocrx_word' id='word_1_437' title='bbox 1111 4927 1218 5009; x_wconf 86' lang='lat' dir='ltr'><strong>prope</strong></span> <span class='ocrx_word' id='word_1_438' title='bbox 1233 4925 1338 5009; x_wconf 76' lang='lat' dir='ltr'><strong>ipsam</strong></span> <span class='ocrx_word' id='word_1_439' title='bbox 1358 4925 1566 4992; x_wconf 84' lang='lat' dir='ltr'><strong>Sandcciam.</strong></span> 
     </span>
    </p>
   </div>
   <div class='ocr_carea' id='block_1_10' title="bbox 0 0 2723 6308">
    <p class='ocr_par' dir='ltr' id='par_1_11' title="bbox 0 0 2723 6308">
     <span class='ocr_line' id='line_1_45' title="bbox 0 0 2723 6308; baseline 0 0"><span class='ocrx_word' id='word_1_440' title='bbox 0 0 2723 6308; x_wconf 95' lang='lat' dir='ltr'><strong> </strong></span> 
     </span>
    </p>
   </div>
  </div>
 </body>
</html>
