5409 6309
1072 831 1450 916 -431---Ι

386 1046 584 1132 videlicet
603 1046 762 1129 wolone
786 1044 841 1159 (¹)
861 1046 1103 1156 particionis
1125 1075 1202 1155 sep
1221 1047 1439 1132 diuisionis
1475 1047 1661 1132 eiusdem
1701 1071 2033 1157 processumque

385 1169 617 1277 peripsum
647 1163 864 1249 «Iudicium
899 1192 1037 1274 usque
1073 1166 1128 1249 ad
1165 1164 1461 1250 diffinicionem
1497 1167 1680 1250 eiusdem
1720 1166 1860 1253 Oause
1895 1165 2033 1250 fluerat

389 1285 581 1369 Tandem
601 1294 721 1396 parte
742 1287 876 1369 altera
897 1285 1059 1367 scilicet
1086 1285 1251 1369 domino
1273 1282 1482 1394 Dopkone
1504 1283 1774 1369 Sentenciam
1801 1285 1931 1396 ipsius
1952 1283 2032 1369 Ju-

384 1408 441 1488 ris
462 1404 683 1517 Suppremi
705 1433 780 1512 pro
803 1405 913 1491 Raso
935 1401 1039 1486 dure
1060 1430 1145 1488 non
1166 1414 1415 1516 acceptante
1437 1430 1513 1512 per
1532 1404 1861 1514 appellacionem
1882 1405 1937 1489 ad
1952 1432 2030 1490 nos

386 1552 433 1608 se
453 1525 692 1621 aduocauit,
714 1523 845 1608 Cuius
866 1526 1038 1606 materie
1077 1523 1264 1607 ordinem
1301 1523 1616 1606 masticauimus
1638 1531 1681 1605 et
1700 1525 2032 1610 examinauimus

387 1655 429 1728 et
449 1653 655 1755 quantum
675 1645 807 1752 ipsius
828 1641 943 1727 Juris
971 1645 1183 1753 suppremi
1217 1643 1334 1725 iuxta
1369 1638 1585 1754 querelam
1620 1651 1664 1725 et
1699 1639 2031 1750 Responsionem

385 1764 574 1874 Legaoio
596 1762 717 1847 nobis
738 1773 981 1871 presentata
1001 1761 1246 1846 continebat
1275 1760 1431 1873 Vigore
1464 1758 1586 1845 Sedis
1608 1769 1652 1844 et
1672 1760 1880 1876 priuilegij
1901 1768 2033 1851 nostri

385 1882 555 1968 Judicio
576 1884 918 1966 conuenissemus
939 1882 1183 1966 Presidente
1218 1880 1312 1964 vice
1346 1880 1486 1993 Regia
1511 1879 1629 1964 Loco
1652 1879 1856 1967 Generosi
1877 1883 2031 1969 domini

384 2002 547 2088 Nicolai
574 2000 832 2114 Pyenyonselc
854 2000 908 2083 de
936 1998 1183 2109 Wytlrouicze
1220 1998 1525 2108 Suocamerarij
1549 2007 1592 2081 et
1613 1998 1837 2110 Capitonei
1874 2001 2033 2088 Oraco-

246 2126 251 2142 “
383 2123 540 2205 uiensis
560 2121 714 2206 Nobile
735 2118 765 2202 J
768 2121 933 2206 ohanne
955 2118 1242 2228 Barczlcowslry
1279 2117 1435 2203 dudice
1472 2119 1611 2210 casui
1631 2119 1927 2205 Oracouiensis
1947 2120 2045 2206 Re·-

385 2241 602 2325 voluentes
646 2242 783 2324 animo
826 2239 970 2323 ordine
1013 2237 1066 2351 (³)
1108 2238 1225 2322 duris
1263 2239 1604 2350 Maidburgensis
1640 2239 1766 2323 talem
1800 2240 1908 2324 inter
1935 2268 2033 2349 par·

384 2373 449 2445 tes
490 2370 743 2445 memoratas
785 2369 882 2440 ante
921 2357 1139 2441 Judioium
1174 2367 1364 2440 nostrum
1397 2370 1584 2442 astantes
1605 2359 1775 2441 tulimus
1798 2371 1840 2442 et
1853 2359 2033 2446 finaliter

384 2481 737 2594 pronuncciamus
761 2476 1030 2563 Sentenciam
1050 2478 1116 2562 Ex
1136 2504 1221 2588 quo
1242 2475 1416 2562 Nobiles
1454 2475 1609 2561 domiui
1643 2477 1848 2561 Martinus
1884 2491 1928 2563 et
1953 2478 2032 2566 Jo-

385 2603 545 2686 hannes
567 2596 787 2708 Gedetczy
809 2596 906 2710 (sic)
928 2598 1125 2682 Nobilem
1160 2595 1413 2705 Dopkonem
1450 2607 1493 2679 et
1521 2624 1674 2707 pueros
1704 2596 1841 2682 fratris
1870 2615 1956 2696 suis
1976 2600 2041 2714 (⁴)

262 2748 268 2754 ’
385 2720 633 2803 iudicialiter
675 2718 874 2801 conuenit
902 2716 999 2829 (sic)
1034 2746 1109 2831 pro
1143 2716 1347 2799 diuisione
1379 2715 1623 2801 Aduooacie
1658 2716 1863 2801 Pilnensis
1900 2719 1955 2831 (ὅ)
1991 2727 2034 2802 et

385 2838 593 2924 Dominus
637 2837 792 2947 Dopko
843 2837 1001 2922 tuendo
1045 2866 1090 2923 se
1133 2838 1176 2919 in
1224 2862 1303 2918 sua
1352 2837 1624 2945 responsione
1675 2863 1770 2918 cum
1830 2836 2033 2923 diuisione

385 2960 627 3062 aduocacie,
655 2957 798 3040 literas
831 2983 971 3040 coram
994 2954 1165 3039 Judieio
1186 2953 1393 3062 deposuit,
1417 2979 1503 3061 que
1526 2952 1577 3034 de
1599 2954 1725 3035 simili
1740 2963 1815 3036 aut
1830 2979 1941 3062 equa
1957 2955 2035 3040 bo·
2102 3047 2105 3054 .

384 3081 516 3164 nitate
539 3075 793 3184 quartalium
814 3073 924 3156 dicte
947 3075 1177 3158 aduocaeie
1200 3073 1356 3175 dicunt,
1376 3080 1421 3154 et
1440 3099 1525 3155 non
1547 3071 1598 3153 de
1620 3072 1825 3157 diuisione
1847 3073 2033 3159 aduoca-

384 3199 461 3303 cie,
481 3222 562 3278 nec
585 3194 718 3277 eciam
740 3193 868 3277 ullam
887 3193 1050 3278 literam
1071 3191 1230 3301 dudicij
1250 3192 1294 3272 in
1315 3220 1401 3303 quo
1422 3189 1657 3275 aduooaoia
1676 3192 1790 3275 iacet
1817 3192 2032 3279 huiusmo-

298 3399 300 3406 ,
384 3318 426 3404 di
448 3315 709 3425 diuisionisp
731 3309 785 3423 (θ)
807 3316 959 3424 posuit,
980 3323 1082 3396 tunc
1103 3311 1291 3421 predicte
1314 3311 1504 3422 deposite
1524 3312 1643 3395 litere
1667 3321 1872 3420 qnantum
1889 3312 1945 3397 ad
1967 3312 2029 3396 di·

382 3436 587 3522 uisionem
607 3430 805 3539 Dopkoni
827 3433 870 3514 in
892 3433 1144 3515 adiuuamen
1179 3431 1323 3514 venire
1359 3458 1443 3516 non
1478 3439 1654 3541 possunt
1677 3430 1760 3517 Sed
1781 3458 1858 3543 pro
1880 3440 2032 3545 quarto

385 3553 564 3666 quartuli
584 3551 832 3636 Aduooacie
854 3553 971 3662 quod
989 3554 1253 3659 resignatum
1289 3559 1365 3654 est,
1393 3577 1518 3659 super
1550 3551 1666 3659 quod
1702 3552 1929 3634 sentencia.
1961 3579 2032 3635 su·
2161 3638 2166 3649 ,

382 3675 516 3787 premi
536 3671 653 3757 Juris
670 3671 876 3780 processit
898 3698 1025 3779 quam
1048 3669 1172 3753 ambe
1203 3678 1347 3780 partes
1377 3680 1664 3779 susceperunt,
1698 3670 1799 3752 illud
1827 3671 2032 3781 procedat

382 3797 499 3876 iuxta
520 3791 829 3876 continenciam
853 3791 1038 3873 eiusdem
1060 3790 1274 3872 sentencie
1305 3786 1364 3869 Et
1383 3789 1464 3872 isto
1484 3788 1694 3872 ratificata
1723 3799 1787 3870 est
1815 3793 2032 3875 sentencia

384 3913 567 4022 supremi
587 3907 704 3994 Juris
727 3908 1006 3994 Scabinorum
1028 3908 1169 3995 Castri
1191 3906 1485 3992 Oracouiensis
1508 3907 1709 3993 deforma
1729 3907 1845 3993 -Juris
1865 3909 2031 3994 Deinde

383 4041 505 4140 parte
524 4027 776 4111 iudicialiter
798 4026 969 4112 alterius
990 4029 1249 4139 procedente
1272 4037 1315 4109 et
1333 4025 1581 4109 iudicialiter
1598 4037 1799 4136 querente
1816 4028 2031 4112 adiudica-

385 4151 521 4233 uimus
543 4147 853 4231 sentencialiter
873 4147 1063 4233 Dominis
1085 4146 1265 4231 Martino
1286 4155 1330 4228 et
1349 4143 1538 4228 dohanni
1559 4148 1752 4256 equalem
1770 4149 2027 4253 diuisionem,

385 4267 579 4353 videlicet
596 4268 639 4349 in
659 4266 727 4348 illa
748 4293 876 4378 supra
899 4268 1014 4351 dicta
1035 4269 1153 4350 iuxta
1174 4266 1344 4374 querele
1381 4268 1690 4349 continenciam
1717 4277 1761 4349 et
1790 4267 2028 4375 responsio·

385 4388 463 4470 nis.
494 4386 604 4471 Item
625 4388 980 4471 sentenciauimus
1002 4388 1119 4497 quod
1150 4383 1307 4470 adhoc
1328 4385 1702 4469 consummandum
1740 4395 1782 4469 et
1809 4383 2028 4497 perficien-

441 4655 448 4670 ι
476 4571 527 4667 ,0)
549 4568 626 4670 Hoc
640 4568 715 4691 loop
729 4569 763 4635 iu
774 4567 889 4672 tabula
903 4569 1039 4654 legitnrt
1062 4595 1162 4653 cnon,
1185 4566 1317 4635 verbum
1332 4566 1565 4636 abbreviatum.
1604 4567 1780 4638 Slawir'rski
1794 4570 1829 4635 iu
1842 4567 2028 4656 parenthesi

385 4655 852 4832 scrrbrpaz)clpppznppbiprgrnoncl

486 4826 529 4907 (⁴)
551 4826 627 4890 Pro:
646 4826 706 4888 sui.

457 4942 459 4944 ·
488 4915 527 4992 (ὅ)
551 4910 628 4975 Pro:
651 4908 836 4976 Pilznenaia.
1397 4933 1400 4940 ¹

490 4998 528 5079 (ἢ
551 4995 696 5063 Verbum
714 4995 877 5080 quoddam
894 4995 1080 5076 (character
1092 5021 1128 5087 p,
1136 4998 1201 5090 fil)
1215 4996 1353 5064 sonasse
1364 5018 1425 5083 per
1440 4995 1638 5065 oblivionem
1654 4998 1823 5084 scriptum.
