5409 6309
230 4471 233 4475 ·
353 4452 459 4540 ipsius
475 4453 568 4518 ducis
597 4451 741 4522 Boleslai
766 4456 835 4539 jam
849 4451 884 4517 in
897 4443 1006 4536 T'orno
1022 4451 1047 4531 L
1062 4477 1139 4542 pag.
1156 4456 1207 4553 fii.
1227 4478 1269 4521 ex
1286 4454 1481 4546 apographo
1495 4456 1663 4545 privilegii
1677 4452 1823 4542 Augusti

892 1315 899 1338 l
1097 1176 1298 1290 xxxiv.

698 1396 1010 1503 floreamus·
1023 1396 1120 1482 -2
1140 1393 1334 1477 martti
1358 1391 1498 1534 1252
1524 1365 1691 1496 anno.
1787 1355 1793 1366 Ι

361 1584 634 1674 Boionius
652 1584 721 1658 nm
739 1578 1271 1658 amministrantibus
1291 1579 1479 1652 noman·
1501 1573 1633 1654 tinctu
1653 1581 1763 1655 oman
1782 1583 1814 1654 in
1830 1585 1938 1674 oppido
1960 1590 2027 1654 Za-

425 1680 432 1692 '
637 1737 640 1740 ,
867 1733 870 1738 .
923 1683 1051 1749 aidau
1072 1680 1392 1754 raduriirriomt
1413 1684 1465 1764 (¹).
1629 1716 1636 1730 ·

461 1855 513 1939 In
548 1853 717 1941 nomine
755 1846 913 1941 domini
954 1880 1090 1936 amen.
1153 1848 1367 1953 Quoniam
1408 1880 1555 1939 omnes
1590 1855 1791 1940 morimur
1827 1867 1870 1941 et
1905 1863 2028 1968 quasi

358 2001 499 2086 aquae
536 1974 770 2077 dilabimur,
791 2002 846 2055 ne
866 1969 1102 2056 mortalium
1139 1981 1286 2081 gesta,
1323 1969 1478 2055 celebri
1509 1980 1553 2056 et
1581 1984 1790 2084 perpetua
1825 1978 2028 2068 memoria

360 2118 528 2202 semper
551 2091 692 2202 digna,
712 2101 952 2202 temporum
974 2090 1155 2171 decursu
1175 2090 1220 2170 in
1241 2088 1498 2174 oblivionem
1520 2092 1709 2175 adducta
1730 2103 1892 2203 queant
1911 2093 2027 2206 apud

358 2218 552 2318 posteros
592 2219 760 2294 nostros
781 2209 890 2318 pati,
913 2236 966 2288 ex
987 2204 1273 2314 ambiguitate
1303 2203 1529 2288 discrimen
1563 2208 1692 2320 digne
1715 2201 1852 2293 solent
1872 2240 2046 2323 perpe··

357 2323 680 2438 tuarc(sie),res
700 2325 1430 2409 instrumentorum'muniminecum
1453 2329 1723 2433 expressione
1743 2330 1915 2412 testium
1963 2358 2026 2411 er·
2131 2341 2135 2346 '

357 2445 555 2526 hennare:
578 2444 679 2527 hinc
701 2452 767 2527 est
787 2441 903 2556 quod
924 2469 1002 2525 nos
1022 2438 1243 2526 Bolcslaus
1266 2442 1334 2523 dei
1357 2442 1497 2551 gratia
1534 2441 1830 2538 Oracoviensis
1852 2455 1896 2529 et
1917 2358 2025 2530 dan-

358 2555 619 2643 domiriensis
640 2561 761 2666 Dux,
791 2557 1012 2644 Universis
1051 2557 1209 2644 Christi
1230 2557 1430 2643 fidelibus
1451 2560 1495 2640 in
1514 2586 1639 2648 omne
1662 2563 1880 2646 saeculum
1899 2593 2024 2672 prae-

237 2711 245 2728 ·
357 2693 452 2760 sens
473 2675 630 2785 pariter
652 2689 694 2761 et
713 2679 902 2768 suanum
920 2678 1220 2788 praesentibus
1257 2676 1437 2762 facimus
1472 2677 1763 2783 manifestum,
1801 2675 1928 2781 Quod
1947 2709 2024 2791 pro
2063 2760 2066 2764 ,

340 2796 540 2880 'remedio
561 2791 723 2880 foelicis
745 2796 912 2896 animae
931 2796 1064 2906 patris
1085 2797 1218 2878 nostri
1238 2796 1378 2879 clarae
1400 2796 1627 2880 memoriae
1662 2795 1840 2880 Illustris
1863 2797 2022 2883 Oraco-

340 2913 512 2996 -vicnsis
545 2919 588 2996 et
609 2911 1130 2998 Sandomiriensis'Ducis
1159 2913 1388 3015 LesconiS,
1412 2921 1455 2993 et
1473 2911 1765 2996 incolumitate
1792 2923 1939 2997 nostra
1980 2924 2025 2996 et

355 3040 527 3114 nostrae
561 3032 777 3142 ingenuae
806 3025 1026 3146 genitricis
1048 3025 1356 3113 Grzimislauae
1380 3031 1425 3108 et
1443 3026 1724 3138 Ounegundis
1745 3039 1914 3112 nostrae
1937 3027 2030 3144 Ge-

248 3177 253 3188 ,
353 3167 533 3233 nerosae
569 3149 796 3254 consortis,
838 3172 1005 3255 semper
1045 3156 1329 3254 proponentes
1369 3143 1512 3228 Deum
1531 3147 1576 3228 in
1597 3155 1831 3255 conspectu
1866 3157 2024 3247 nostru,

355 3291 489 3377 aquo
525 3261 736 3347 habemus
773 3264 890 3376 quod
910 3264 990 3374 qui,
1004 3263 1188 3348 vivimus
1211 3274 1253 3346 et
1267 3261 1496 3375 primorum
1531 3262 1844 3375 principatuum
1864 3263 2025 3375 guber-

353 3382 509 3465 nacula
528 3380 809 3491 possidemus,
841 3389 1084 3489 constructo
1105 3409 1181 3489 per
1201 3410 1280 3468 nos
1302 3379 1357 3463 de
1379 3406 1594 3466 consensu
1611 3380 1839 3464 Illustrium
1858 3379 2022 3466 Princi-

353 3499 455 3610 pum
474 3496 651 3582 fratrum
672 3493 929 3601 nostrorum,
952 3497 1152 3583 Oazimiri
1191 3497 1483 3588 Lanciciensis
1505 3506 1549 3582 et
1569 3496 1857 3601 Ouiaviensis,
1879 3505 1932 3580 et
1944 3493 2022 3581 Se-

353 3619 500 3703 moviti
535 3614 753 3700 Mazoviae
789 3615 962 3700 Ducum
984 3626 1028 3699 et
1046 3614 1313 3702 Venerabilis
1344 3614 1478 3727 patris
1498 3614 1769 3701 Prandothae
1792 3611 1858 3698 dei
1872 3607 2021 3726 ‘gratia

353 3734 556 3846 Episcopi
591 3731 906 3840 cracoviensis,
936 3760 1018 3815 nec
1039 3761 1126 3818 non
1147 3736 1264 3819 etde
1285 3739 1415 3817 totius
1435 3731 1632 3833 Ducatus
1652 3733 1786 3817 nostri
1807 3747 2022 3816 consensu

353 3851 568 3938 Baronum
588 3850 764 3936 fundato
788 3859 831 3934 et
850 3858 1095 3936 constructo
1130 3849 1392 3936 Monasterio
1424 3849 1581 3934 ordinis
1602 3860 1779 3936 sanctae
1803 3849 1958 3935 Clarae
1978 3850 2023 3931 in

355 3968 524 4084 Oppido
545 3979 689 4054 nostro
705 3968 964 4069 Zaoiclzoatt,
995 3996 1074 4078 pro
1095 3971 1403 4080 sustentatione
1424 3994 1615 4054 sororum
1637 3969 1827 4055 eiusdem
1849 3959 2020 4070 ordinis,
2141 4061 2146 4077 ¹

368 4201 396 4234 '⁸
437 4277 439 4280 ,
456 4203 500 4282 (¹)
519 4199 573 4268 nx
586 4199 674 4266 libro
688 4195 848 4266 Metricos
864 4193 969 4286 liegni
982 4200 1044 4267 snb
1059 4199 1164 4268 literis
1179 4201 1214 4268 Z.
1225 4199 1268 4268 K.
1279 4195 1811 4284 annorum1548-1549,Nr.'16,
1835 4198 1893 4266 fol.
1916 4197 2022 4264 eto-

353 4287 428 4370 418,
443 4285 622 4371 descripsit
637 4285 765 4351 doctiss
779 4284 860 4372 Ant
875 4283 1121 4376 Mucakowsbi,
1143 4283 1200 4351 ubi
1215 4285 1249 4351 iu
1261 4293 1472 4372 transumpto
1501 4283 1601 4372 Regis
1628 4285 1663 4354 S‘
1692 4284 1833 4353 'smundi
1861 4282 2020 4370 Augusti,
2050 4296 2055 4307 ·

265 4403 272 4414 ·
354 4370 448 4435 etin
472 4369 720 4450 confirmatione
752 4367 894 4436 Palatini
922 4369 1158 4438 cracoviensis
1186 4370 1370 4457 Spytconis
1398 4371 1575 4440 invenitur.
1621 4371 1665 4440 Se
1717 4365 2020 4515 pri'fleffimsshi‘}

1872 4494 1879 4511 .
1947 4473 1963 4513 e

354 4536 437 4604 male
452 4537 635 4622 descripto,
657 4537 780 4603 editum
809 4546 870 4603 est
908 4533 1017 4621 Quum
1026 4541 1140 4602 'umen
1155 4561 1189 4603 ιιι
1204 4540 1412 4606 recensendo
1434 4539 1675 4607 Muczkowsoii
1689 4533 1884 4625 apographo
1898 4473 2019 4600 mutiat

353 4622 519 4688 variantes
536 4630 569 4687 et
583 4622 695 4708 magni
707 4619 840 4703 quidem
865 4620 1023 4687 momenti
1038 4620 1372 4706 deprehendissemus
1387 4624 1561 4707 lectiones,
1591 4624 1729 4690 maxime
1745 4622 1796 4686 ad'
1807 4618 1941 4686 nomina
1955 4616 2018 4682 vil-

353 4704 458 4770 larum
470 4706 506 4770 in
519 4704 696 4791 privilegio
724 4712 981 4772 memoratorum
999 4707 1197 4790 spectantia,
1213 4706 1359 4772 tabulam
1376 4715 1492 4793 totam,
1515 4708 1745 4795 quamvisjam
1758 4706 1851 4792 typis
1866 4701 2017 4799 descrip-

353 4797 419 4854 tam
434 4789 470 4855 iu
482 4788 547 4856 hcc
577 4786 743 4854 volumine
772 4785 986 4872 repetendam
1001 4809 1076 4855 esse
1092 4788 1255 4857 duximus.
1275 4789 1569 4860 confirmationem
1588 4813 1670 4860 vero
1687 4789 1869 4878 Spytccnir
1883 4785 2020 4874 palatini

353 4872 439 4940 inira
447 4872 496 5013 :sd
510 4893 597 5013 calip
613 4873 697 4939 1395
711 4871 852 4940 edimus.
874 4872 927 4941 De
942 4871 1032 4942 viliis
1045 4871 1140 4960 legas
1153 4872 1292 4944 Codicis
1308 4876 1418 4945 matri
1432 4875 1574 4946 romum
1588 4875 1617 4961 1,
1631 4876 1709 4946 leco
1722 4877 1839 4943 citato·
1873 4901 1925 5035 ¹⁰·

465 4981 529 5015 m
1344 5008 1346 5010 ,
