<?xml version="1.0" encoding="UTF-8"?>
<!DOCTYPE html PUBLIC "-//W3C//DTD XHTML 1.0 Transitional//EN"
    "http://www.w3.org/TR/xhtml1/DTD/xhtml1-transitional.dtd">
<html xmlns="http://www.w3.org/1999/xhtml" xml:lang="en" lang="en">
 <head>
  <title>
</title>
<meta http-equiv="Content-Type" content="text/html;charset=utf-8" />
  <meta name='ocr-system' content='tesseract 3.04.00' />
  <meta name='ocr-capabilities' content='ocr_page ocr_carea ocr_par ocr_line ocrx_word'/>
</head>
<body>
  <div class='ocr_page' id='page_1' title='image "./codexdiplomatic00bobogoog_0177.png"; bbox 0 0 5409 6309; ppageno 0'>
   <div class='ocr_carea' id='block_1_1' title="bbox 1045 823 1346 896">
    <p class='ocr_par' dir='ltr' id='par_1_1' title="bbox 1045 823 1346 896">
     <span class='ocr_line' id='line_1_1' title="bbox 1045 823 1346 896; baseline -0.003 0"><span class='ocrx_word' id='word_1_1' title='bbox 1045 823 1346 896; x_wconf 46' lang='lat'>2130-</span> 
     </span>
    </p>
   </div>
   <div class='ocr_carea' id='block_1_2' title="bbox 290 979 2046 1138">
    <p class='ocr_par' dir='ltr' id='par_1_2' title="bbox 290 979 2046 1138">
     <span class='ocr_line' id='line_1_2' title="bbox 290 979 2046 1138; baseline 0.003 -32"><span class='ocrx_word' id='word_1_2' title='bbox 290 1093 298 1106; x_wconf 95' lang='lat'>.</span> <span class='ocrx_word' id='word_1_3' title='bbox 370 999 501 1135; x_wconf 45' lang='lat' dir='ltr'>&#39;prout</span> <span class='ocrx_word' id='word_1_4' title='bbox 515 1025 676 1108; x_wconf 82' lang='lat' dir='ltr'>cociam</span> <span class='ocrx_word' id='word_1_5' title='bbox 690 1032 910 1104; x_wconf 76' lang='lat' dir='ltr'>ctuostras</span> <span class='ocrx_word' id='word_1_6' title='bbox 925 1052 953 1104; x_wconf 90' lang='lat' dir='ltr'>a</span> <span class='ocrx_word' id='word_1_7' title='bbox 969 1021 1121 1107; x_wconf 83' lang='lat' dir='ltr'>nostris</span> <span class='ocrx_word' id='word_1_8' title='bbox 1138 1023 1419 1106; x_wconf 84' lang='lat' dir='ltr'>succedansis</span> <span class='ocrx_word' id='word_1_9' title='bbox 1432 1022 1523 1131; x_wconf 84' lang='lat' dir='ltr'>fierj</span> <span class='ocrx_word' id='word_1_10' title='bbox 1539 979 1728 1134; x_wconf 83' lang='lat' dir='ltr'>inprimis</span> <span class='ocrx_word' id='word_1_11' title='bbox 1742 1024 1796 1138; x_wconf 62' lang='grc' dir='ltr'>(ἢ</span> <span class='ocrx_word' id='word_1_12' title='bbox 1809 1026 1982 1112; x_wconf 85' lang='lat' dir='ltr'>stabiles</span> <span class='ocrx_word' id='word_1_13' title='bbox 2000 1025 2046 1111; x_wconf 80' lang='lat' dir='ltr'>et</span> 
     </span>
    </p>
   </div>
   <div class='ocr_carea' id='block_1_3' title="bbox 289 1137 2166 2073">
    <p class='ocr_par' dir='ltr' id='par_1_3' title="bbox 371 1137 2166 1719">
     <span class='ocr_line' id='line_1_3' title="bbox 374 1137 2044 1251; baseline 0.003 -28"><span class='ocrx_word' id='word_1_14' title='bbox 374 1146 661 1241; x_wconf 87' lang='lat' dir='ltr'>inconcussas,</span> <span class='ocrx_word' id='word_1_15' title='bbox 679 1140 945 1250; x_wconf 82' lang='lat' dir='ltr'>privilegium</span> <span class='ocrx_word' id='word_1_16' title='bbox 962 1144 1078 1251; x_wconf 88' lang='lat' dir='ltr'>quod</span> <span class='ocrx_word' id='word_1_17' title='bbox 1095 1141 1271 1226; x_wconf 88' lang='lat' dir='ltr'>Illustris</span> <span class='ocrx_word' id='word_1_18' title='bbox 1297 1137 1493 1248; x_wconf 82' lang='lat' dir='ltr'>princeps</span> <span class='ocrx_word' id='word_1_19' title='bbox 1519 1139 1855 1249; x_wconf 84' lang='lat' dir='ltr'>predecessor-et</span> <span class='ocrx_word' id='word_1_20' title='bbox 1868 1155 2044 1250; x_wconf 80' lang='lat' dir='ltr'>patrum</span> 
     </span>
     <span class='ocr_line' id='line_1_4' title="bbox 373 1256 2043 1367; baseline 0.003 -27"><span class='ocrx_word' id='word_1_21' title='bbox 373 1272 517 1344; x_wconf 87' lang='lat' dir='ltr'>noster</span> <span class='ocrx_word' id='word_1_22' title='bbox 538 1261 625 1342; x_wconf 84' lang='lat' dir='ltr'>dux</span> <span class='ocrx_word' id='word_1_23' title='bbox 646 1257 829 1342; x_wconf 84' lang='lat' dir='ltr'>condam</span> <span class='ocrx_word' id='word_1_24' title='bbox 866 1257 989 1340; x_wconf 82' lang='lat' dir='ltr'>Orac.</span> <span class='ocrx_word' id='word_1_25' title='bbox 1010 1268 1054 1339; x_wconf 90' lang='lat' dir='ltr'>et</span> <span class='ocrx_word' id='word_1_26' title='bbox 1075 1258 1338 1343; x_wconf 79' lang='lat' dir='ltr'>Sandomirie</span> <span class='ocrx_word' id='word_1_27' title='bbox 1373 1256 1595 1341; x_wconf 85' lang='lat' dir='ltr'>Boleslaus</span> <span class='ocrx_word' id='word_1_28' title='bbox 1628 1285 1756 1367; x_wconf 89' lang='lat' dir='ltr'>super</span> <span class='ocrx_word' id='word_1_29' title='bbox 1775 1259 2043 1346; x_wconf 70' lang='lat' dir='ltr'>libertatibus</span> 
     </span>
     <span class='ocr_line' id='line_1_5' title="bbox 374 1371 2053 1486; baseline 0.001 -27"><span class='ocrx_word' id='word_1_30' title='bbox 374 1376 667 1459; x_wconf 87' lang='lat' dir='ltr'>imunitatibus</span> <span class='ocrx_word' id='word_1_31' title='bbox 689 1386 734 1458; x_wconf 92' lang='lat' dir='ltr'>et</span> <span class='ocrx_word' id='word_1_32' title='bbox 754 1374 1237 1486; x_wconf 83' lang='lat' dir='ltr'>exempctionibus·(sic)</span> <span class='ocrx_word' id='word_1_33' title='bbox 1265 1371 1522 1459; x_wconf 79' lang='lat' dir='ltr'>Monosterio</span> <span class='ocrx_word' id='word_1_34' title='bbox 1555 1375 1681 1460; x_wconf 82' lang='lat' dir='ltr'>Calvi·</span> <span class='ocrx_word' id='word_1_35' title='bbox 1706 1379 1861 1460; x_wconf 81' lang='lat' dir='ltr'>montis</span> <span class='ocrx_word' id='word_1_36' title='bbox 1894 1387 2053 1463; x_wconf 61' lang='lat' dir='ltr'>contu»</span> 
     </span>
     <span class='ocr_line' id='line_1_6' title="bbox 371 1492 2166 1605; baseline -0.004 -28"><span class='ocrx_word' id='word_1_37' title='bbox 371 1495 490 1577; x_wconf 85' lang='lat' dir='ltr'>lorat.</span> <span class='ocrx_word' id='word_1_38' title='bbox 513 1519 588 1603; x_wconf 91' lang='lat' dir='ltr'>pro</span> <span class='ocrx_word' id='word_1_39' title='bbox 609 1493 708 1575; x_wconf 86' lang='lat' dir='ltr'>villa</span> <span class='ocrx_word' id='word_1_40' title='bbox 729 1493 911 1575; x_wconf 88' lang='lat' dir='ltr'>condam</span> <span class='ocrx_word' id='word_1_41' title='bbox 934 1493 1056 1577; x_wconf 80' lang='lat' dir='ltr'>Calvi</span> <span class='ocrx_word' id='word_1_42' title='bbox 1075 1495 1232 1576; x_wconf 91' lang='lat' dir='ltr'>montis</span> <span class='ocrx_word' id='word_1_43' title='bbox 1253 1492 1464 1601; x_wconf 78' lang='lat' dir='ltr'>wlgaritcr</span> <span class='ocrx_word' id='word_1_44' title='bbox 1496 1494 1630 1575; x_wconf 82' lang='lat' dir='ltr'>dicta·</span> <span class='ocrx_word' id='word_1_45' title='bbox 1644 1492 1812 1602; x_wconf 74' lang='lat' dir='ltr'>Oruyelc</span> <span class='ocrx_word' id='word_1_46' title='bbox 1834 1493 1888 1605; x_wconf 73' lang='lat' dir='ltr'>(t)</span> <span class='ocrx_word' id='word_1_47' title='bbox 1911 1523 2042 1605; x_wconf 86' lang='lat' dir='ltr'>quam</span> <span class='ocrx_word' id='word_1_48' title='bbox 2162 1564 2166 1570; x_wconf 90' lang='lat'>.</span> 
     </span>
     <span class='ocr_line' id='line_1_7' title="bbox 372 1608 2085 1719; baseline 0 -25"><span class='ocrx_word' id='word_1_49' title='bbox 372 1611 501 1695; x_wconf 84' lang='lat' dir='ltr'>frater</span> <span class='ocrx_word' id='word_1_50' title='bbox 535 1610 728 1694; x_wconf 79' lang='lat' dir='ltr'>Jacobns</span> <span class='ocrx_word' id='word_1_51' title='bbox 765 1609 915 1692; x_wconf 79' lang='lat' dir='ltr'>Abbas</span> <span class='ocrx_word' id='word_1_52' title='bbox 943 1610 1138 1692; x_wconf 84' lang='lat' dir='ltr'>&#39;eiusdem</span> <span class='ocrx_word' id='word_1_53' title='bbox 1177 1608 1355 1717; x_wconf 84' lang='lat' dir='ltr'>Oenobij</span> <span class='ocrx_word' id='word_1_54' title='bbox 1377 1609 1458 1716; x_wconf 87' lang='lat' dir='ltr'>sibj</span> <span class='ocrx_word' id='word_1_55' title='bbox 1481 1609 1661 1692; x_wconf 79' lang='lat' dir='ltr'>dederat</span> <span class='ocrx_word' id='word_1_56' title='bbox 1679 1637 1756 1719; x_wconf 92' lang='lat' dir='ltr'>pro</span> <span class='ocrx_word' id='word_1_57' title='bbox 1776 1610 2043 1696; x_wconf 69' lang='lat' dir='ltr'>libertatibus</span> <span class='ocrx_word' id='word_1_58' title='bbox 2080 1667 2085 1676; x_wconf 44' lang='grc' dir='ltr'><em>ι</em></span> 
     </span>
    </p>

    <p class='ocr_par' dir='ltr' id='par_1_4' title="bbox 289 1726 2145 2073">
     <span class='ocr_line' id='line_1_8' title="bbox 371 1726 2145 1834; baseline 0.002 -24"><span class='ocrx_word' id='word_1_59' title='bbox 371 1727 667 1834; x_wconf 87' lang='lat' dir='ltr'>infrascriptis</span> <span class='ocrx_word' id='word_1_60' title='bbox 688 1726 975 1810; x_wconf 83' lang='lat' dir='ltr'>innovandum</span> <span class='ocrx_word' id='word_1_61' title='bbox 997 1727 1205 1809; x_wconf 85' lang='lat' dir='ltr'>duximus.</span> <span class='ocrx_word' id='word_1_62' title='bbox 1227 1727 1524 1834; x_wconf 89' lang='lat' dir='ltr'>pro-remedio.</span> <span class='ocrx_word' id='word_1_63' title='bbox 1555 1729 1860 1811; x_wconf 87' lang='lat' dir='ltr'>animenostre</span> <span class='ocrx_word' id='word_1_64' title='bbox 1881 1740 2045 1814; x_wconf 64' lang='lat' dir='ltr'>nostro»</span> <span class='ocrx_word' id='word_1_65' title='bbox 2141 1759 2145 1768; x_wconf 80' lang='lat'><strong>·</strong></span> 
     </span>
     <span class='ocr_line' id='line_1_9' title="bbox 300 1841 2043 1957; baseline 0 -29"><span class='ocrx_word' id='word_1_66' title='bbox 300 1897 306 1905; x_wconf 92' lang='lat'>-</span> <span class='ocrx_word' id='word_1_67' title='bbox 361 1875 550 1956; x_wconf 80' lang='lat' dir='ltr'>¹rumque</span> <span class='ocrx_word' id='word_1_68' title='bbox 592 1847 910 1956; x_wconf 84' lang='lat' dir='ltr'>progenitorum</span> <span class='ocrx_word' id='word_1_69' title='bbox 934 1857 976 1925; x_wconf 90' lang='lat' dir='ltr'>et</span> <span class='ocrx_word' id='word_1_70' title='bbox 995 1841 1180 1951; x_wconf 82' lang='lat' dir='ltr'>plenarie</span> <span class='ocrx_word' id='word_1_71' title='bbox 1202 1858 1330 1953; x_wconf 91' lang='lat' dir='ltr'>prout</span> <span class='ocrx_word' id='word_1_72' title='bbox 1352 1871 1404 1927; x_wconf 86' lang='lat' dir='ltr'>ex</span> <span class='ocrx_word' id='word_1_73' title='bbox 1424 1855 1572 1929; x_wconf 86' lang='lat' dir='ltr'>tenore</span> <span class='ocrx_word' id='word_1_74' title='bbox 1607 1845 1798 1927; x_wconf 84' lang='lat' dir='ltr'>eiusdem</span> <span class='ocrx_word' id='word_1_75' title='bbox 1834 1847 2043 1957; x_wconf 77' lang='lat' dir='ltr'>privilegij</span> 
     </span>
     <span class='ocr_line' id='line_1_10' title="bbox 289 1957 2044 2073; baseline 0 -28"><span class='ocrx_word' id='word_1_76' title='bbox 289 1957 292 1964; x_wconf 57' lang='lat'>‘</span> <span class='ocrx_word' id='word_1_77' title='bbox 372 1965 651 2073; x_wconf 81' lang='lat' dir='ltr'>cognovimus</span> <span class='ocrx_word' id='word_1_78' title='bbox 672 1961 1070 2072; x_wconf 64' lang='lat' dir='ltr'>perpetuo&#39;virgore</span> <span class='ocrx_word' id='word_1_79' title='bbox 1087 1962 1186 2071; x_wconf 86' lang='lat' dir='ltr'>(sic)</span> <span class='ocrx_word' id='word_1_80' title='bbox 1216 1961 1577 2066; x_wconf 68' lang='lat' dir='ltr'>conibmandum3</span> <span class='ocrx_word' id='word_1_81' title='bbox 1610 1963 1914 2072; x_wconf 87' lang='lat' dir='ltr'>dominumque</span> <span class='ocrx_word' id='word_1_82' title='bbox 1956 1962 2044 2047; x_wconf 86' lang='lat' dir='ltr'>Ra·-</span> 
     </span>
    </p>
   </div>
   <div class='ocr_carea' id='block_1_4' title="bbox 252 2079 2043 2189">
    <p class='ocr_par' dir='ltr' id='par_1_5' title="bbox 252 2079 2043 2189">
     <span class='ocr_line' id='line_1_11' title="bbox 252 2079 2043 2189; baseline 0 -26"><span class='ocrx_word' id='word_1_83' title='bbox 252 2105 254 2108; x_wconf 90' lang='grc'><strong><em>·</em></strong></span> <span class='ocrx_word' id='word_1_84' title='bbox 292 2107 297 2118; x_wconf 70' lang='grc'><strong>“</strong></span> <span class='ocrx_word' id='word_1_85' title='bbox 371 2081 569 2164; x_wconf 87' lang='lat' dir='ltr'>tiberium</span> <span class='ocrx_word' id='word_1_86' title='bbox 605 2081 807 2179; x_wconf 81' lang='lat' dir='ltr'>abbatem</span> <span class='ocrx_word' id='word_1_87' title='bbox 845 2079 953 2162; x_wconf 86' lang='lat' dir='ltr'>calvi</span> <span class='ocrx_word' id='word_1_88' title='bbox 990 2081 1142 2163; x_wconf 83' lang='lat' dir='ltr'>montis</span> <span class='ocrx_word' id='word_1_89' title='bbox 1164 2089 1208 2162; x_wconf 89' lang='lat' dir='ltr'>ct</span> <span class='ocrx_word' id='word_1_90' title='bbox 1229 2107 1375 2164; x_wconf 88' lang='lat' dir='ltr'>omnes</span> <span class='ocrx_word' id='word_1_91' title='bbox 1414 2081 1503 2163; x_wconf 89' lang='lat' dir='ltr'>eius</span> <span class='ocrx_word' id='word_1_92' title='bbox 1535 2105 1805 2164; x_wconf 74' lang='lat' dir='ltr'>successores</span> <span class='ocrx_word' id='word_1_93' title='bbox 1838 2091 1881 2161; x_wconf 84' lang='lat' dir='ltr'>et</span> <span class='ocrx_word' id='word_1_94' title='bbox 1912 2082 2043 2189; x_wconf 86' lang='lat' dir='ltr'>ipsius</span> 
     </span>
    </p>
   </div>
   <div class='ocr_carea' id='block_1_5' title="bbox 372 2195 2111 2543">
    <p class='ocr_par' dir='ltr' id='par_1_6' title="bbox 372 2195 2111 2543">
     <span class='ocr_line' id='line_1_12' title="bbox 372 2195 2046 2309; baseline -0.001 -28"><span class='ocrx_word' id='word_1_95' title='bbox 372 2199 594 2304; x_wconf 72' lang='lat' dir='ltr'>ecclesiam</span> <span class='ocrx_word' id='word_1_96' title='bbox 611 2195 657 2279; x_wconf 88' lang='lat' dir='ltr'>in</span> <span class='ocrx_word' id='word_1_97' title='bbox 678 2199 837 2282; x_wconf 88' lang='lat' dir='ltr'>honore</span> <span class='ocrx_word' id='word_1_98' title='bbox 861 2195 959 2309; x_wconf 84' lang='lat' dir='ltr'>(sic)</span> <span class='ocrx_word' id='word_1_99' title='bbox 997 2207 1146 2280; x_wconf 88' lang='lat' dir='ltr'>sancte</span> <span class='ocrx_word' id='word_1_100' title='bbox 1183 2198 1406 2281; x_wconf 78' lang='lat' dir='ltr'>Trinitatis</span> <span class='ocrx_word' id='word_1_101' title='bbox 1442 2225 1469 2278; x_wconf 88' lang='lat' dir='ltr'>a</span> <span class='ocrx_word' id='word_1_102' title='bbox 1489 2199 1655 2280; x_wconf 63' lang='lat' dir='ltr'>nostris¹</span> <span class='ocrx_word' id='word_1_103' title='bbox 1681 2198 1912 2282; x_wconf 85' lang='lat' dir='ltr'>maioribus</span> <span class='ocrx_word' id='word_1_104' title='bbox 1942 2224 2046 2290; x_wconf 61' lang='lat' dir='ltr'>con,-</span> 
     </span>
     <span class='ocr_line' id='line_1_13' title="bbox 372 2314 2042 2427; baseline -0.001 -29"><span class='ocrx_word' id='word_1_105' title='bbox 372 2324 585 2400; x_wconf 85' lang='lat' dir='ltr'>structam</span> <span class='ocrx_word' id='word_1_106' title='bbox 601 2326 644 2398; x_wconf 86' lang='lat' dir='ltr'>et</span> <span class='ocrx_word' id='word_1_107' title='bbox 666 2314 935 2400; x_wconf 77' lang='lat' dir='ltr'>Conventum</span> <span class='ocrx_word' id='word_1_108' title='bbox 960 2316 1214 2425; x_wconf 78' lang='lat' dir='ltr'>ct-singulcs</span> <span class='ocrx_word' id='word_1_109' title='bbox 1233 2316 1468 2399; x_wconf 81' lang='lat' dir='ltr'>monachos</span> <span class='ocrx_word' id='word_1_110' title='bbox 1491 2343 1543 2396; x_wconf 88' lang='lat' dir='ltr'>ac</span> <span class='ocrx_word' id='word_1_111' title='bbox 1560 2314 1764 2398; x_wconf 82' lang='lat' dir='ltr'>familiam</span> <span class='ocrx_word' id='word_1_112' title='bbox 1785 2327 1834 2397; x_wconf 88' lang='lat' dir='ltr'>ut</span> <span class='ocrx_word' id='word_1_113' title='bbox 1850 2314 1907 2427; x_wconf 70' lang='lat' dir='ltr'>(P)</span> <span class='ocrx_word' id='word_1_114' title='bbox 1939 2343 2042 2399; x_wconf 87' lang='lat' dir='ltr'>con·</span> 
     </span>
     <span class='ocr_line' id='line_1_14' title="bbox 372 2432 2111 2543; baseline -0.001 -25"><span class='ocrx_word' id='word_1_115' title='bbox 372 2459 517 2518; x_wconf 77' lang='lat' dir='ltr'>versos</span> <span class='ocrx_word' id='word_1_116' title='bbox 551 2444 640 2515; x_wconf 82' lang='lat' dir='ltr'>tam</span> <span class='ocrx_word' id='word_1_117' title='bbox 676 2443 895 2543; x_wconf 78' lang='lat' dir='ltr'>presentes</span> <span class='ocrx_word' id='word_1_118' title='bbox 932 2459 1060 2543; x_wconf 88' lang='lat' dir='ltr'>quam</span> <span class='ocrx_word' id='word_1_119' title='bbox 1097 2432 1260 2518; x_wconf 84' lang='lat' dir='ltr'>firturos</span> <span class='ocrx_word' id='word_1_120' title='bbox 1283 2433 1606 2542; x_wconf 85' lang='lat' dir='ltr'>imperpetuum.</span> <span class='ocrx_word' id='word_1_121' title='bbox 1628 2436 1671 2514; x_wconf 92' lang='lat' dir='ltr'>in</span> <span class='ocrx_word' id='word_1_122' title='bbox 1692 2446 1881 2518; x_wconf 89' lang='lat' dir='ltr'>nostram</span> <span class='ocrx_word' id='word_1_123' title='bbox 1902 2445 1947 2515; x_wconf 85' lang='lat' dir='ltr'>et</span> <span class='ocrx_word' id='word_1_124' title='bbox 1966 2461 2043 2517; x_wconf 84' lang='lat' dir='ltr'>no·</span> <span class='ocrx_word' id='word_1_125' title='bbox 2106 2451 2111 2458; x_wconf 82' lang='grc'><em>“</em></span> 
     </span>
    </p>
   </div>
   <div class='ocr_carea' id='block_1_6' title="bbox 369 2550 2179 2659">
    <p class='ocr_par' dir='ltr' id='par_1_7' title="bbox 369 2550 2179 2659">
     <span class='ocr_line' id='line_1_15' title="bbox 369 2550 2179 2659; baseline -0.002 -25"><span class='ocrx_word' id='word_1_126' title='bbox 369 2562 551 2635; x_wconf 70' lang='lat' dir='ltr'>sicerum</span> <span class='ocrx_word' id='word_1_127' title='bbox 572 2576 866 2635; x_wconf 87' lang='lat' dir='ltr'>successorum</span> <span class='ocrx_word' id='word_1_128' title='bbox 886 2554 1194 2657; x_wconf 82' lang='lat' dir='ltr'>protectionem</span> <span class='ocrx_word' id='word_1_129' title='bbox 1214 2550 1445 2658; x_wconf 86' lang='lat' dir='ltr'>recipimus</span> <span class='ocrx_word' id='word_1_130' title='bbox 1467 2551 1717 2659; x_wconf 78' lang='lat' dir='ltr'>specialem3</span> <span class='ocrx_word' id='word_1_131' title='bbox 1755 2553 1875 2636; x_wconf 78' lang='lat' dir='ltr'>villas</span> <span class='ocrx_word' id='word_1_132' title='bbox 1905 2553 2042 2632; x_wconf 85' lang='lat' dir='ltr'>eciam</span> <span class='ocrx_word' id='word_1_133' title='bbox 2177 2594 2179 2599; x_wconf 84' lang='lat'><em>.</em></span> 
     </span>
    </p>
   </div>
   <div class='ocr_carea' id='block_1_7' title="bbox 268 2668 2160 3482">
    <p class='ocr_par' dir='ltr' id='par_1_8' title="bbox 268 2668 2099 3013">
     <span class='ocr_line' id='line_1_16' title="bbox 370 2668 2042 2779; baseline -0.001 -27"><span class='ocrx_word' id='word_1_134' title='bbox 370 2680 415 2752; x_wconf 86' lang='lat' dir='ltr'>et</span> <span class='ocrx_word' id='word_1_135' title='bbox 432 2670 583 2776; x_wconf 86' lang='lat' dir='ltr'>predia</span> <span class='ocrx_word' id='word_1_136' title='bbox 601 2671 787 2775; x_wconf 89' lang='lat' dir='ltr'>ipsorum</span> <span class='ocrx_word' id='word_1_137' title='bbox 808 2671 852 2751; x_wconf 93' lang='lat' dir='ltr'>in</span> <span class='ocrx_word' id='word_1_138' title='bbox 873 2678 1055 2779; x_wconf 85' lang='lat' dir='ltr'>utroque</span> <span class='ocrx_word' id='word_1_139' title='bbox 1089 2670 1248 2751; x_wconf 85' lang='lat' dir='ltr'>ducatu</span> <span class='ocrx_word' id='word_1_140' title='bbox 1270 2678 1312 2752; x_wconf 88' lang='lat' dir='ltr'>et</span> <span class='ocrx_word' id='word_1_141' title='bbox 1333 2694 1409 2752; x_wconf 82' lang='lat' dir='ltr'>eos</span> <span class='ocrx_word' id='word_1_142' title='bbox 1430 2671 1509 2779; x_wconf 90' lang='lat' dir='ltr'>qui</span> <span class='ocrx_word' id='word_1_143' title='bbox 1524 2670 1750 2751; x_wconf 78' lang='lat' dir='ltr'>ineisdem</span> <span class='ocrx_word' id='word_1_144' title='bbox 1774 2668 2042 2753; x_wconf 77' lang='lat' dir='ltr'>¹habitabunt</span> 
     </span>
     <span class='ocr_line' id='line_1_17' title="bbox 369 2785 2099 2896; baseline -0.002 -24"><span class='ocrx_word' id='word_1_145' title='bbox 369 2789 458 2872; x_wconf 81' lang='lat' dir='ltr'>sive</span> <span class='ocrx_word' id='word_1_146' title='bbox 478 2787 597 2869; x_wconf 86' lang='lat' dir='ltr'>liberi</span> <span class='ocrx_word' id='word_1_147' title='bbox 618 2787 840 2870; x_wconf 86' lang='lat' dir='ltr'>siveservi</span> <span class='ocrx_word' id='word_1_148' title='bbox 862 2789 951 2870; x_wconf 82' lang='lat' dir='ltr'>sive</span> <span class='ocrx_word' id='word_1_149' title='bbox 973 2789 1214 2896; x_wconf 87' lang='lat' dir='ltr'>ascripticij.</span> <span class='ocrx_word' id='word_1_150' title='bbox 1237 2788 1352 2872; x_wconf 84' lang='lat' dir='ltr'>onmi</span> <span class='ocrx_word' id='word_1_151' title='bbox 1372 2785 1602 2868; x_wconf 86' lang='lat' dir='ltr'>liberamus</span> <span class='ocrx_word' id='word_1_152' title='bbox 1618 2790 1841 2895; x_wconf 76' lang='lat' dir='ltr'>exactione</span> <span class='ocrx_word' id='word_1_153' title='bbox 1857 2785 2043 2870; x_wconf 74' lang='lat' dir='ltr'>factione</span> <span class='ocrx_word' id='word_1_154' title='bbox 2092 2885 2099 2892; x_wconf 21' lang='lat'><em>⁶</em></span> 
     </span>
     <span class='ocr_line' id='line_1_18' title="bbox 268 2896 2042 3013; baseline -0.003 -24"><span class='ocrx_word' id='word_1_155' title='bbox 268 2937 273 2946; x_wconf 92' lang='lat'><em>·</em></span> <span class='ocrx_word' id='word_1_156' title='bbox 371 2906 436 2989; x_wconf 81' lang='lat' dir='ltr'>vel</span> <span class='ocrx_word' id='word_1_157' title='bbox 468 2906 682 2987; x_wconf 83' lang='lat' dir='ltr'>servitute.</span> <span class='ocrx_word' id='word_1_158' title='bbox 716 2931 824 3013; x_wconf 90' lang='lat' dir='ltr'>quas</span> <span class='ocrx_word' id='word_1_159' title='bbox 860 2903 1075 3013; x_wconf 82' lang='lat' dir='ltr'>wlgariter</span> <span class='ocrx_word' id='word_1_160' title='bbox 1095 2907 1148 2986; x_wconf 89' lang='lat' dir='ltr'>de</span> <span class='ocrx_word' id='word_1_161' title='bbox 1165 2903 1302 2986; x_wconf 61' lang='lat' dir='ltr'>‚verbo</span> <span class='ocrx_word' id='word_1_162' title='bbox 1323 2896 1579 2986; x_wconf 33' lang='lat' dir='ltr'>advveibum</span> <span class='ocrx_word' id='word_1_163' title='bbox 1615 2904 1810 2986; x_wconf 89' lang='lat' dir='ltr'>volumus</span> <span class='ocrx_word' id='word_1_164' title='bbox 1849 2917 2042 2984; x_wconf 78' lang='lat' dir='ltr'>enarrare</span> 
     </span>
    </p>

    <p class='ocr_par' dir='ltr' id='par_1_9' title="bbox 332 3007 2042 3132">
     <span class='ocr_line' id='line_1_19' title="bbox 332 3007 2042 3132; baseline -0.003 -26"><span class='ocrx_word' id='word_1_165' title='bbox 332 3021 571 3106; x_wconf 75' lang='lat' dir='ltr'>,videlicet</span> <span class='ocrx_word' id='word_1_166' title='bbox 609 3007 765 3131; x_wconf 70' lang='lat' dir='ltr'>porcia</span> <span class='ocrx_word' id='word_1_167' title='bbox 810 3033 972 3118; x_wconf 70' lang='lat' dir='ltr'>surore,</span> <span class='ocrx_word' id='word_1_168' title='bbox 1011 3034 1118 3103; x_wconf 71' lang='lat' dir='ltr'>satan</span> <span class='ocrx_word' id='word_1_169' title='bbox 1160 3017 1374 3132; x_wconf 72' lang='lat' dir='ltr'>perediae,</span> <span class='ocrx_word' id='word_1_170' title='bbox 1427 3031 1586 3108; x_wconf 67' lang='lat' dir='ltr'>errrore.</span> <span class='ocrx_word' id='word_1_171' title='bbox 1644 3032 1828 3129; x_wconf 70' lang='lat' dir='ltr'>torpesco.</span> <span class='ocrx_word' id='word_1_172' title='bbox 1871 3017 2042 3102; x_wconf 70' lang='lat' dir='ltr'>Norasz.</span> 
     </span>
    </p>

    <p class='ocr_par' dir='ltr' id='par_1_10' title="bbox 300 3133 2160 3482">
     <span class='ocr_line' id='line_1_20' title="bbox 351 3133 2042 3248; baseline -0.004 -25"><span class='ocrx_word' id='word_1_173' title='bbox 351 3169 396 3244; x_wconf 80' lang='lat' dir='ltr'>a</span> <span class='ocrx_word' id='word_1_174' title='bbox 416 3139 573 3223; x_wconf 88' lang='lat' dir='ltr'>vaccis.</span> <span class='ocrx_word' id='word_1_175' title='bbox 607 3136 661 3219; x_wconf 89' lang='lat' dir='ltr'>ab</span> <span class='ocrx_word' id='word_1_176' title='bbox 695 3137 889 3218; x_wconf 88' lang='lat' dir='ltr'>omnibus</span> <span class='ocrx_word' id='word_1_177' title='bbox 924 3134 980 3248; x_wconf 70' lang='lat' dir='ltr'>(l)</span> <span class='ocrx_word' id='word_1_178' title='bbox 1014 3140 1147 3218; x_wconf 87' lang='lat' dir='ltr'>eciam</span> <span class='ocrx_word' id='word_1_179' title='bbox 1186 3140 1221 3218; x_wconf 91' lang='lat' dir='ltr'>si</span> <span class='ocrx_word' id='word_1_180' title='bbox 1251 3136 1488 3218; x_wconf 83' lang='lat' dir='ltr'>stacionem</span> <span class='ocrx_word' id='word_1_181' title='bbox 1514 3133 1798 3240; x_wconf 75' lang='lat' dir='ltr'>-habucrimus</span> <span class='ocrx_word' id='word_1_182' title='bbox 1844 3137 1888 3216; x_wconf 93' lang='lat' dir='ltr'>in</span> <span class='ocrx_word' id='word_1_183' title='bbox 1933 3135 2042 3235; x_wconf 82' lang='lat' dir='ltr'>villis</span> 
     </span>
     <span class='ocr_line' id='line_1_21' title="bbox 300 3253 2044 3368; baseline -0.002 -32"><span class='ocrx_word' id='word_1_184' title='bbox 300 3331 304 3336; x_wconf 87' lang='lat'>.</span> <span class='ocrx_word' id='word_1_185' title='bbox 367 3259 567 3364; x_wconf 80' lang='lat' dir='ltr'>ipsorum,</span> <span class='ocrx_word' id='word_1_186' title='bbox 598 3255 828 3368; x_wconf 83' lang='lat' dir='ltr'>astatione</span> <span class='ocrx_word' id='word_1_187' title='bbox 854 3264 1115 3337; x_wconf 70' lang='lat' dir='ltr'>&#39;venatorum</span> <span class='ocrx_word' id='word_1_188' title='bbox 1152 3266 1196 3336; x_wconf 87' lang='lat' dir='ltr'>et</span> <span class='ocrx_word' id='word_1_189' title='bbox 1230 3253 1464 3359; x_wconf 77' lang='lat' dir='ltr'>aucupum,</span> <span class='ocrx_word' id='word_1_190' title='bbox 1505 3281 1532 3334; x_wconf 87' lang='lat' dir='ltr'>a</span> <span class='ocrx_word' id='word_1_191' title='bbox 1553 3257 1742 3337; x_wconf 84' lang='lat' dir='ltr'>stacione</span> <span class='ocrx_word' id='word_1_192' title='bbox 1765 3263 1979 3343; x_wconf 84' lang='lat' dir='ltr'>castorum</span> <span class='ocrx_word' id='word_1_193' title='bbox 1997 3255 2044 3334; x_wconf 90' lang='lat' dir='ltr'>in</span> 
     </span>
     <span class='ocr_line' id='line_1_22' title="bbox 368 3369 2160 3482; baseline -0.003 -26"><span class='ocrx_word' id='word_1_194' title='bbox 368 3373 474 3456; x_wconf 82' lang='lat' dir='ltr'>villis</span> <span class='ocrx_word' id='word_1_195' title='bbox 496 3400 579 3482; x_wconf 88' lang='lat' dir='ltr'>que</span> <span class='ocrx_word' id='word_1_196' title='bbox 600 3371 945 3480; x_wconf 77' lang='lat' dir='ltr'>broezycyowycze</span> <span class='ocrx_word' id='word_1_197' title='bbox 969 3369 1121 3454; x_wconf 80' lang='lat' dir='ltr'>Glodno</span> <span class='ocrx_word' id='word_1_198' title='bbox 1145 3369 1265 3482; x_wconf 82' lang='lat' dir='ltr'>Cepia</span> <span class='ocrx_word' id='word_1_199' title='bbox 1284 3370 1497 3481; x_wconf 84' lang='lat' dir='ltr'>wlgariter</span> <span class='ocrx_word' id='word_1_200' title='bbox 1524 3379 1844 3479; x_wconf 80' lang='lat' dir='ltr'>nuncupantur.</span> <span class='ocrx_word' id='word_1_201' title='bbox 1886 3372 1935 3470; x_wconf 7' lang='lat' dir='ltr'>‘A</span> <span class='ocrx_word' id='word_1_202' title='bbox 1954 3380 2042 3471; x_wconf 81' lang='lat' dir='ltr'>sta·</span> <span class='ocrx_word' id='word_1_203' title='bbox 2103 3413 2108 3420; x_wconf 83' lang='lat'><em>-</em></span> <span class='ocrx_word' id='word_1_204' title='bbox 2154 3393 2160 3404; x_wconf 91' lang='lat'><em>·</em></span> 
     </span>
    </p>
   </div>
   <div class='ocr_carea' id='block_1_8' title="bbox 366 3667 2043 4077">
    <p class='ocr_par' dir='ltr' id='par_1_11' title="bbox 366 3667 2043 4077">
     <span class='ocr_line' id='line_1_23' title="bbox 371 3667 2041 3764; baseline -0.007 -18"><span class='ocrx_word' id='word_1_205' title='bbox 371 3677 497 3746; x_wconf 84' lang='lat' dir='ltr'>Mathia</span> <span class='ocrx_word' id='word_1_206' title='bbox 524 3675 565 3741; x_wconf 86' lang='lat' dir='ltr'>de</span> <span class='ocrx_word' id='word_1_207' title='bbox 593 3673 736 3764; x_wconf 78' lang='lat' dir='ltr'>Gortlijo</span> <span class='ocrx_word' id='word_1_208' title='bbox 752 3705 754 3710; x_wconf 96' lang='lat'>·</span> <span class='ocrx_word' id='word_1_209' title='bbox 769 3673 937 3741; x_wconf 84' lang='lat' dir='ltr'>Sremcnsi</span> <span class='ocrx_word' id='word_1_210' title='bbox 957 3675 1060 3742; x_wconf 89' lang='lat' dir='ltr'>Paulo</span> <span class='ocrx_word' id='word_1_211' title='bbox 1081 3677 1122 3741; x_wconf 85' lang='lat' dir='ltr'>de</span> <span class='ocrx_word' id='word_1_212' title='bbox 1139 3675 1299 3742; x_wconf 76' lang='lat' dir='ltr'>Chotclcza</span> <span class='ocrx_word' id='word_1_213' title='bbox 1329 3673 1571 3739; x_wconf 86' lang='lat' dir='ltr'>Polaneozerisi</span> <span class='ocrx_word' id='word_1_214' title='bbox 1600 3671 1798 3742; x_wconf 84' lang='lat' dir='ltr'>Castellanis</span> <span class='ocrx_word' id='word_1_215' title='bbox 1818 3669 1984 3738; x_wconf 81' lang='lat' dir='ltr'>Stanislao</span> <span class='ocrx_word' id='word_1_216' title='bbox 2001 3667 2041 3736; x_wconf 87' lang='lat' dir='ltr'>dc</span> 
     </span>
     <span class='ocr_line' id='line_1_24' title="bbox 366 3755 2041 3834; baseline -0.007 -4"><span class='ocrx_word' id='word_1_217' title='bbox 366 3764 501 3830; x_wconf 61' lang='lat' dir='ltr'>artaz</span> <span class='ocrx_word' id='word_1_218' title='bbox 527 3758 737 3826; x_wconf 83' lang='lat' dir='ltr'>Marsehalco</span> <span class='ocrx_word' id='word_1_219' title='bbox 768 3759 898 3826; x_wconf 82' lang='lat' dir='ltr'>Joanne</span> <span class='ocrx_word' id='word_1_220' title='bbox 923 3760 964 3825; x_wconf 88' lang='lat' dir='ltr'>de</span> <span class='ocrx_word' id='word_1_221' title='bbox 987 3762 1106 3827; x_wconf 79' lang='lat' dir='ltr'>Lassko</span> <span class='ocrx_word' id='word_1_222' title='bbox 1130 3759 1336 3829; x_wconf 80' lang='lat' dir='ltr'>(lancellario</span> <span class='ocrx_word' id='word_1_223' title='bbox 1359 3757 1490 3826; x_wconf 77' lang='lat' dir='ltr'>Jacobs</span> <span class='ocrx_word' id='word_1_224' title='bbox 1506 3756 1547 3823; x_wconf 90' lang='lat' dir='ltr'>de</span> <span class='ocrx_word' id='word_1_225' title='bbox 1564 3757 1786 3834; x_wconf 69' lang='lat' dir='ltr'>Setidlcwrserz</span> <span class='ocrx_word' id='word_1_226' title='bbox 1815 3755 2041 3821; x_wconf 77' lang='lat' dir='ltr'>Thezaurario</span> 
     </span>
     <span class='ocr_line' id='line_1_25' title="bbox 368 3837 2043 3934; baseline -0.004 -24"><span class='ocrx_word' id='word_1_227' title='bbox 368 3847 475 3934; x_wconf 74' lang='lat' dir='ltr'>Regni</span> <span class='ocrx_word' id='word_1_228' title='bbox 500 3847 609 3911; x_wconf 88' lang='lat' dir='ltr'>nostri</span> <span class='ocrx_word' id='word_1_229' title='bbox 634 3845 765 3912; x_wconf 78' lang='lat' dir='ltr'>Joanne</span> <span class='ocrx_word' id='word_1_230' title='bbox 790 3842 951 3912; x_wconf 74' lang='lat' dir='ltr'>Latalrki&#39;</span> <span class='ocrx_word' id='word_1_231' title='bbox 978 3847 1153 3930; x_wconf 82' lang='lat' dir='ltr'>preposito</span> <span class='ocrx_word' id='word_1_232' title='bbox 1180 3845 1391 3913; x_wconf 79' lang='lat' dir='ltr'>Gnezncusis</span> <span class='ocrx_word' id='word_1_233' title='bbox 1409 3844 1550 3914; x_wconf 81' lang='lat' dir='ltr'>Alberto</span> <span class='ocrx_word' id='word_1_234' title='bbox 1566 3841 1696 3914; x_wconf 81' lang='lat' dir='ltr'>Gorski</span> <span class='ocrx_word' id='word_1_235' title='bbox 1711 3841 1899 3910; x_wconf 79' lang='lat' dir='ltr'>Scelestico</span> <span class='ocrx_word' id='word_1_236' title='bbox 1917 3837 2043 3908; x_wconf 76' lang='lat' dir='ltr'>wladi-</span> 
     </span>
     <span class='ocr_line' id='line_1_26' title="bbox 370 3868 2043 4077; baseline -0.005 -81"><span class='ocrx_word' id='word_1_237' title='bbox 370 3930 526 3996; x_wconf 75' lang='lat' dir='ltr'>slaviensi</span> <span class='ocrx_word' id='word_1_238' title='bbox 551 3928 763 3994; x_wconf 83' lang='lat' dir='ltr'>ecclesiarum</span> <span class='ocrx_word' id='word_1_239' title='bbox 791 3939 824 3994; x_wconf 89' lang='lat' dir='ltr'>et</span> <span class='ocrx_word' id='word_1_240' title='bbox 851 3868 981 3993; x_wconf 72' lang='lat' dir='ltr'>laceio</span> <span class='ocrx_word' id='word_1_241' title='bbox 1006 3929 1046 3996; x_wconf 89' lang='lat' dir='ltr'>de</span> <span class='ocrx_word' id='word_1_242' title='bbox 1063 3931 1203 3996; x_wconf 74' lang='lat' dir='ltr'>Buczcrz</span> <span class='ocrx_word' id='word_1_243' title='bbox 1232 3928 1430 4077; x_wconf 54' lang='lat' dir='ltr'>Secretarigs</span> <span class='ocrx_word' id='word_1_244' title='bbox 1460 3927 1586 3995; x_wconf 88' lang='lat' dir='ltr'>nostris</span> <span class='ocrx_word' id='word_1_245' title='bbox 1607 3926 1747 3993; x_wconf 84' lang='lat' dir='ltr'>Nicolao</span> <span class='ocrx_word' id='word_1_246' title='bbox 1769 3925 1975 4074; x_wconf 45' lang='lat' dir='ltr'>ffirleiplsic)</span> <span class='ocrx_word' id='word_1_247' title='bbox 2002 3922 2043 3991; x_wconf 86' lang='lat' dir='ltr'>de</span> 
     </span>
    </p>
   </div>
   <div class='ocr_carea' id='block_1_9' title="bbox 370 4005 2040 4098">
    <p class='ocr_par' dir='ltr' id='par_1_12' title="bbox 370 4005 2040 4098">
     <span class='ocr_line' id='line_1_27' title="bbox 370 4005 2040 4098; baseline -0.004 -16"><span class='ocrx_word' id='word_1_248' title='bbox 370 4013 613 4082; x_wconf 81' lang='lat' dir='ltr'>Dambrovicza</span> <span class='ocrx_word' id='word_1_249' title='bbox 631 4007 826 4078; x_wconf 81' lang='lat' dir='ltr'>Vexillifero</span> <span class='ocrx_word' id='word_1_250' title='bbox 851 4010 1067 4078; x_wconf 78' lang='lat' dir='ltr'>cracoviensi</span> <span class='ocrx_word' id='word_1_251' title='bbox 1083 4023 1116 4077; x_wconf 87' lang='lat' dir='ltr'>et</span> <span class='ocrx_word' id='word_1_252' title='bbox 1132 4012 1315 4098; x_wconf 84' lang='lat' dir='ltr'>Capitanco</span> <span class='ocrx_word' id='word_1_253' title='bbox 1342 4013 1394 4076; x_wconf 90' lang='lat' dir='ltr'>Lu</span> <span class='ocrx_word' id='word_1_254' title='bbox 1418 4011 1538 4079; x_wconf 86' lang='lat' dir='ltr'>linensi</span> <span class='ocrx_word' id='word_1_255' title='bbox 1560 4010 1703 4077; x_wconf 89' lang='lat' dir='ltr'>Derslao</span> <span class='ocrx_word' id='word_1_256' title='bbox 1730 4005 1863 4096; x_wconf 88' lang='lat' dir='ltr'>Wylcze</span> <span class='ocrx_word' id='word_1_257' title='bbox 1903 4008 2040 4094; x_wconf 84' lang='lat' dir='ltr'>Leopo·</span> 
     </span>
    </p>
   </div>
   <div class='ocr_carea' id='block_1_10' title="bbox 230 4091 2041 4186">
    <p class='ocr_par' dir='ltr' id='par_1_13' title="bbox 230 4091 2041 4186">
     <span class='ocr_line' id='line_1_28' title="bbox 230 4091 2041 4186; baseline -0.004 -20"><span class='ocrx_word' id='word_1_258' title='bbox 230 4103 237 4114; x_wconf 80' lang='grc'><em>’</em></span> <span class='ocrx_word' id='word_1_259' title='bbox 368 4101 444 4165; x_wconf 83' lang='lat' dir='ltr'>lien.</span> <span class='ocrx_word' id='word_1_260' title='bbox 467 4096 634 4164; x_wconf 77' lang='lat' dir='ltr'>Stanislao</span> <span class='ocrx_word' id='word_1_261' title='bbox 651 4097 691 4161; x_wconf 87' lang='lat' dir='ltr'>de</span> <span class='ocrx_word' id='word_1_262' title='bbox 708 4097 857 4162; x_wconf 75' lang='lat' dir='ltr'>Cazanow</span> <span class='ocrx_word' id='word_1_263' title='bbox 874 4097 1078 4163; x_wconf 71' lang='lat' dir='ltr'>&#39;Lublinensi</span> <span class='ocrx_word' id='word_1_264' title='bbox 1101 4098 1360 4186; x_wconf 84' lang='lat' dir='ltr'>Succamerarijs</span> <span class='ocrx_word' id='word_1_265' title='bbox 1380 4097 1546 4163; x_wconf 74' lang='lat' dir='ltr'>Stanislao</span> <span class='ocrx_word' id='word_1_266' title='bbox 1561 4096 1722 4162; x_wconf 79' lang='lat' dir='ltr'>Jsr&#39;oczki</span> <span class='ocrx_word' id='word_1_267' title='bbox 1735 4091 1946 4160; x_wconf 81' lang='lat' dir='ltr'>Marsohslco</span> <span class='ocrx_word' id='word_1_268' title='bbox 1963 4095 2041 4160; x_wconf 81' lang='lat' dir='ltr'>Sta·</span> 
     </span>
    </p>
   </div>
   <div class='ocr_carea' id='block_1_11' title="bbox 353 4176 2152 5003">
    <p class='ocr_par' dir='ltr' id='par_1_14' title="bbox 362 4176 2123 4599">
     <span class='ocr_line' id='line_1_29' title="bbox 370 4176 2043 4276; baseline -0.004 -27"><span class='ocrx_word' id='word_1_269' title='bbox 370 4183 475 4249; x_wconf 79' lang='lat' dir='ltr'>nislao</span> <span class='ocrx_word' id='word_1_270' title='bbox 504 4181 748 4267; x_wconf 83' lang='lat' dir='ltr'>Schafranyecz</span> <span class='ocrx_word' id='word_1_271' title='bbox 763 4179 804 4246; x_wconf 88' lang='lat' dir='ltr'>de</span> <span class='ocrx_word' id='word_1_272' title='bbox 821 4180 863 4247; x_wconf 86' lang='lat' dir='ltr'>Pi</span> <span class='ocrx_word' id='word_1_273' title='bbox 870 4179 1028 4248; x_wconf 67' lang='lat' dir='ltr'>&#39;certmst</span> <span class='ocrx_word' id='word_1_274' title='bbox 1054 4182 1150 4247; x_wconf 76' lang='lat' dir='ltr'>Sicula</span> <span class='ocrx_word' id='word_1_275' title='bbox 1177 4181 1429 4250; x_wconf 82' lang='lat' dir='ltr'>Succameraric</span> <span class='ocrx_word' id='word_1_276' title='bbox 1457 4181 1556 4249; x_wconf 88' lang='lat' dir='ltr'>Curie</span> <span class='ocrx_word' id='word_1_277' title='bbox 1586 4189 1750 4246; x_wconf 78' lang='lat' dir='ltr'>nostrast</span> <span class='ocrx_word' id='word_1_278' title='bbox 1765 4179 1951 4266; x_wconf 80' lang='lat' dir='ltr'>alijsquam</span> <span class='ocrx_word' id='word_1_279' title='bbox 1969 4176 2043 4276; x_wconf 60' lang='lat' dir='ltr'>plue</span> 
     </span>
     <span class='ocr_line' id='line_1_30' title="bbox 362 4202 2123 4354; baseline -0.005 -22"><span class='ocrx_word' id='word_1_280' title='bbox 362 4259 462 4333; x_wconf 77' lang='lat' dir='ltr'>&#39;rimis</span> <span class='ocrx_word' id='word_1_281' title='bbox 478 4264 685 4350; x_wconf 78' lang='lat' dir='ltr'>Consiliarijs</span> <span class='ocrx_word' id='word_1_282' title='bbox 712 4202 928 4332; x_wconf 77' lang='lat' dir='ltr'>curiensiirus</span> <span class='ocrx_word' id='word_1_283' title='bbox 954 4265 1079 4330; x_wconf 75' lang='lat' dir='ltr'>nostris</span> <span class='ocrx_word' id='word_1_284' title='bbox 1094 4264 1238 4336; x_wconf 84' lang='lat' dir='ltr'>testibus</span> <span class='ocrx_word' id='word_1_285' title='bbox 1252 4263 1294 4330; x_wconf 89' lang='lat' dir='ltr'>ad</span> <span class='ocrx_word' id='word_1_286' title='bbox 1307 4267 1472 4350; x_wconf 83' lang='lat' dir='ltr'>promissa</span> <span class='ocrx_word' id='word_1_287' title='bbox 1486 4265 1550 4330; x_wconf 87' lang='lat' dir='ltr'>fide</span> <span class='ocrx_word' id='word_1_288' title='bbox 1568 4264 1678 4350; x_wconf 79' lang='lat' dir='ltr'>dignis</span> <span class='ocrx_word' id='word_1_289' title='bbox 1695 4263 1825 4329; x_wconf 85' lang='lat' dir='ltr'>sincere</span> <span class='ocrx_word' id='word_1_290' title='bbox 1842 4273 1875 4327; x_wconf 86' lang='lat' dir='ltr'>et</span> <span class='ocrx_word' id='word_1_291' title='bbox 1889 4255 2042 4354; x_wconf 79' lang='lat' dir='ltr'>fidelibus</span> <span class='ocrx_word' id='word_1_292' title='bbox 2118 4277 2123 4287; x_wconf 88' lang='lat'>·</span> 
     </span>
     <span class='ocr_line' id='line_1_31' title="bbox 370 4344 2042 4435; baseline -0.005 -19"><span class='ocrx_word' id='word_1_293' title='bbox 370 4350 513 4416; x_wconf 78' lang='lat' dir='ltr'>dilectis.</span> <span class='ocrx_word' id='word_1_294' title='bbox 552 4351 672 4415; x_wconf 84' lang='lat' dir='ltr'>Datum</span> <span class='ocrx_word' id='word_1_295' title='bbox 711 4371 876 4415; x_wconf 86' lang='lat' dir='ltr'>ermanus</span> <span class='ocrx_word' id='word_1_296' title='bbox 895 4349 1041 4415; x_wconf 86' lang='lat' dir='ltr'>eiusdem</span> <span class='ocrx_word' id='word_1_297' title='bbox 1073 4350 1260 4415; x_wconf 87' lang='lat' dir='ltr'>Reuerendi</span> <span class='ocrx_word' id='word_1_298' title='bbox 1289 4351 1395 4435; x_wconf 90' lang='lat' dir='ltr'>patris</span> <span class='ocrx_word' id='word_1_299' title='bbox 1426 4349 1551 4414; x_wconf 88' lang='lat' dir='ltr'>domini</span> <span class='ocrx_word' id='word_1_300' title='bbox 1579 4348 1704 4415; x_wconf 80' lang='lat' dir='ltr'>Mathis</span> <span class='ocrx_word' id='word_1_301' title='bbox 1729 4345 1891 4432; x_wconf 84' lang='lat' dir='ltr'>Episcopi</span> <span class='ocrx_word' id='word_1_302' title='bbox 1912 4344 2042 4409; x_wconf 79' lang='lat' dir='ltr'>Premi-</span> 
     </span>
     <span class='ocr_line' id='line_1_32' title="bbox 371 4372 1848 4599; baseline -0.003 -97"><span class='ocrx_word' id='word_1_303' title='bbox 371 4433 677 4599; x_wconf 46' lang='grc' dir='ltr'>εῌεηεῖξῗέἷίἓξηὶ</span> <span class='ocrx_word' id='word_1_304' title='bbox 687 4372 831 4531; x_wconf 72' lang='lat' dir='ltr'>i&#39;olonie</span> <span class='ocrx_word' id='word_1_305' title='bbox 848 4435 931 4501; x_wconf 86' lang='lat' dir='ltr'>Vicc</span> <span class='ocrx_word' id='word_1_306' title='bbox 953 4433 1139 4518; x_wconf 80' lang='lat' dir='ltr'>cancellarij</span> <span class='ocrx_word' id='word_1_307' title='bbox 1157 4435 1287 4530; x_wconf 80' lang='lat' dir='ltr'>sincere</span> <span class='ocrx_word' id='word_1_308' title='bbox 1302 4435 1401 4506; x_wconf 75' lang='lat' dir='ltr'>nobis</span> <span class='ocrx_word' id='word_1_309' title='bbox 1417 4434 1530 4502; x_wconf 83' lang='lat' dir='ltr'>dilecti</span> <span class='ocrx_word' id='word_1_310' title='bbox 1544 4433 1674 4502; x_wconf 81' lang='lat' dir='ltr'>Relatio</span> <span class='ocrx_word' id='word_1_311' title='bbox 1692 4430 1848 4516; x_wconf 79' lang='lat' dir='ltr'>ejusdcm·</span> 
     </span>
     <span class='ocr_line' id='line_1_33' title="bbox 406 4529 1539 4584; baseline -0.004 0"><span class='ocrx_word' id='word_1_312' title='bbox 406 4581 407 4584; x_wconf 74' lang='grc'>,</span> <span class='ocrx_word' id='word_1_313' title='bbox 570 4542 588 4582; x_wconf 94' lang='lat' dir='ltr'>o</span> <span class='ocrx_word' id='word_1_314' title='bbox 644 4539 709 4584; x_wconf 83' lang='lat' dir='ltr'>sse:</span> <span class='ocrx_word' id='word_1_315' title='bbox 725 4540 766 4582; x_wconf 89' lang='lat' dir='ltr'>cu</span> <span class='ocrx_word' id='word_1_316' title='bbox 791 4540 875 4584; x_wconf 85' lang='lat' dir='ltr'>unus</span> <span class='ocrx_word' id='word_1_317' title='bbox 1227 4571 1231 4578; x_wconf 95' lang='lat'>.</span> <span class='ocrx_word' id='word_1_318' title='bbox 1535 4529 1539 4540; x_wconf 88' lang='lat'>&#39;</span> 
     </span>
    </p>

    <p class='ocr_par' dir='ltr' id='par_1_15' title="bbox 353 4539 2152 5003">
     <span class='ocr_line' id='line_1_34' title="bbox 474 4539 2152 4688; baseline -0.003 -22"><span class='ocrx_word' id='word_1_319' title='bbox 474 4605 518 4684; x_wconf 76' lang='lat'>(⁸)</span> <span class='ocrx_word' id='word_1_320' title='bbox 542 4602 632 4667; x_wconf 80' lang='lat' dir='ltr'>Oeiclr</span> <span class='ocrx_word' id='word_1_321' title='bbox 658 4539 815 4686; x_wconf 70' lang='lat' dir='ltr'>oppiduim</span> <span class='ocrx_word' id='word_1_322' title='bbox 843 4612 950 4667; x_wconf 87' lang='lat' dir='ltr'>terrae</span> <span class='ocrx_word' id='word_1_323' title='bbox 976 4593 1267 4682; x_wconf 83' lang='lat' dir='ltr'>Sandomiriensis‚</span> <span class='ocrx_word' id='word_1_324' title='bbox 1282 4599 1433 4688; x_wconf 82' lang='lat' dir='ltr'>regionis</span> <span class='ocrx_word' id='word_1_325' title='bbox 1449 4596 1531 4665; x_wconf 83' lang='lat' dir='ltr'>vero</span> <span class='ocrx_word' id='word_1_326' title='bbox 1548 4596 1794 4668; x_wconf 83' lang='lat' dir='ltr'>Staszoviensis</span> <span class='ocrx_word' id='word_1_327' title='bbox 1842 4597 1932 4684; x_wconf 71' lang='lat' dir='ltr'>lysa</span> <span class='ocrx_word' id='word_1_328' title='bbox 1948 4591 2042 4668; x_wconf 79' lang='lat' dir='ltr'>Gdra,</span> <span class='ocrx_word' id='word_1_329' title='bbox 2149 4637 2152 4642; x_wconf 92' lang='lat'>·</span> 
     </span>
     <span class='ocr_line' id='line_1_35' title="bbox 353 4680 2043 4775; baseline 0 -27"><span class='ocrx_word' id='word_1_330' title='bbox 353 4686 484 4775; x_wconf 64' lang='lat' dir='ltr'>*Stoicty</span> <span class='ocrx_word' id='word_1_331' title='bbox 499 4683 611 4773; x_wconf 45' lang='lat' dir='ltr'>Kory&amp;</span> <span class='ocrx_word' id='word_1_332' title='bbox 626 4684 860 4750; x_wconf 77' lang='lat' dir='ltr'>monasterium</span> <span class='ocrx_word' id='word_1_333' title='bbox 877 4687 912 4752; x_wconf 87' lang='lat' dir='ltr'>S.</span> <span class='ocrx_word' id='word_1_334' title='bbox 922 4683 1039 4752; x_wconf 84' lang='lat' dir='ltr'>Crucis</span> <span class='ocrx_word' id='word_1_335' title='bbox 1055 4685 1090 4748; x_wconf 86' lang='lat' dir='ltr'>in</span> <span class='ocrx_word' id='word_1_336' title='bbox 1104 4684 1208 4752; x_wconf 82' lang='lat' dir='ltr'>Calvo</span> <span class='ocrx_word' id='word_1_337' title='bbox 1223 4695 1348 4766; x_wconf 86' lang='lat' dir='ltr'>monte,</span> <span class='ocrx_word' id='word_1_338' title='bbox 1365 4684 1443 4749; x_wconf 89' lang='lat' dir='ltr'>villa</span> <span class='ocrx_word' id='word_1_339' title='bbox 1457 4695 1565 4751; x_wconf 78' lang='lat' dir='ltr'>terrae</span> <span class='ocrx_word' id='word_1_340' title='bbox 1585 4682 1866 4752; x_wconf 76' lang='lat' dir='ltr'>Sardemiriensis</span> <span class='ocrx_word' id='word_1_341' title='bbox 1881 4680 2043 4748; x_wconf 79' lang='lat' dir='ltr'>territorii</span> 
     </span>
     <span class='ocr_line' id='line_1_36' title="bbox 372 4765 2125 4858; baseline -0.005 -22"><span class='ocrx_word' id='word_1_342' title='bbox 372 4781 406 4836; x_wconf 86' lang='lat' dir='ltr'>et</span> <span class='ocrx_word' id='word_1_343' title='bbox 421 4771 571 4858; x_wconf 77' lang='lat' dir='ltr'>regionis</span> <span class='ocrx_word' id='word_1_344' title='bbox 587 4767 833 4855; x_wconf 75' lang='lat' dir='ltr'>Opatoviensis</span> <span class='ocrx_word' id='word_1_345' title='bbox 850 4769 1028 4855; x_wconf 84' lang='lat' dir='ltr'>parochiae</span> <span class='ocrx_word' id='word_1_346' title='bbox 1045 4770 1165 4856; x_wconf 82' lang='lat' dir='ltr'>Slopia</span> <span class='ocrx_word' id='word_1_347' title='bbox 1182 4793 1279 4834; x_wconf 77' lang='lat' dir='ltr'>norea.</span> <span class='ocrx_word' id='word_1_348' title='bbox 1303 4770 1356 4834; x_wconf 90' lang='lat' dir='ltr'>De</span> <span class='ocrx_word' id='word_1_349' title='bbox 1374 4768 1548 4834; x_wconf 80' lang='lat' dir='ltr'>abbatibus</span> <span class='ocrx_word' id='word_1_350' title='bbox 1565 4770 1598 4837; x_wconf 84' lang='lat' dir='ltr'>S.</span> <span class='ocrx_word' id='word_1_351' title='bbox 1613 4769 1742 4846; x_wconf 86' lang='lat' dir='ltr'>Crucis,</span> <span class='ocrx_word' id='word_1_352' title='bbox 1754 4765 1884 4834; x_wconf 78' lang='lat' dir='ltr'>Jacobo</span> <span class='ocrx_word' id='word_1_353' title='bbox 1902 4765 2041 4831; x_wconf 85' lang='lat' dir='ltr'>etRaci-</span> <span class='ocrx_word' id='word_1_354' title='bbox 2121 4799 2125 4807; x_wconf 48' lang='lat'><strong><em>¹</em></strong></span> 
     </span>
     <span class='ocr_line' id='line_1_37' title="bbox 372 4849 2119 5003; baseline -0.002 -84"><span class='ocrx_word' id='word_1_355' title='bbox 372 4854 469 4920; x_wconf 85' lang='lat' dir='ltr'>borio</span> <span class='ocrx_word' id='word_1_356' title='bbox 495 4855 588 5003; x_wconf 54' lang='grc' dir='ltr'>Ιεὶαε</span> <span class='ocrx_word' id='word_1_357' title='bbox 616 4851 801 4919; x_wconf 83' lang='lat' dir='ltr'>doctissimi</span> <span class='ocrx_word' id='word_1_358' title='bbox 823 4853 943 4920; x_wconf 85' lang='lat' dir='ltr'>Franc.</span> <span class='ocrx_word' id='word_1_359' title='bbox 971 4855 1061 4920; x_wconf 84' lang='lat' dir='ltr'>Max.</span> <span class='ocrx_word' id='word_1_360' title='bbox 1077 4853 1364 4934; x_wconf 73' lang='lat' dir='ltr'>Sobiesaczanscii</span> <span class='ocrx_word' id='word_1_361' title='bbox 1381 4875 1477 4938; x_wconf 84' lang='lat' dir='ltr'>opus:</span> <span class='ocrx_word' id='word_1_362' title='bbox 1503 4849 2041 4950; x_wconf 68' lang='lat' dir='ltr'>„¹Wyoieczkaarcheologiczna&#39;&#39;</span> <span class='ocrx_word' id='word_1_363' title='bbox 2114 4905 2119 4916; x_wconf 90' lang='lat'>.</span> 
     </span>
    </p>
   </div>
   <div class='ocr_carea' id='block_1_12' title="bbox 372 4937 1247 5041">
    <p class='ocr_par' dir='ltr' id='par_1_16' title="bbox 372 4937 1247 5041">
     <span class='ocr_line' id='line_1_38' title="bbox 372 4937 1247 5041; baseline -0.002 -36"><span class='ocrx_word' id='word_1_364' title='bbox 372 4938 533 5020; x_wconf 84' lang='lat' dir='ltr'>(Bibliotc</span> <span class='ocrx_word' id='word_1_365' title='bbox 559 4937 723 5024; x_wconf 79' lang='lat' dir='ltr'>aWsrsz.</span> <span class='ocrx_word' id='word_1_366' title='bbox 742 4939 836 5021; x_wconf 72' lang='lat' dir='ltr'>rtet,</span> <span class='ocrx_word' id='word_1_367' title='bbox 855 4938 928 5026; x_wconf 78' lang='grc' dir='ltr'>Τ.Ι,</span> <span class='ocrx_word' id='word_1_368' title='bbox 946 4942 1074 5027; x_wconf 78' lang='lat' dir='ltr'>pag.96</span> <span class='ocrx_word' id='word_1_369' title='bbox 1089 4949 1124 5003; x_wconf 85' lang='lat' dir='ltr'>et</span> <span class='ocrx_word' id='word_1_370' title='bbox 1138 4940 1247 5041; x_wconf 75' lang='lat' dir='ltr'>seqq.)</span> 
     </span>
    </p>
   </div>
   <div class='ocr_carea' id='block_1_13' title="bbox 1879 5025 1938 5098">
    <p class='ocr_par' dir='ltr' id='par_1_17' title="bbox 1879 5025 1938 5098">
     <span class='ocr_line' id='line_1_39' title="bbox 1879 5025 1938 5098; baseline 0.034 -2"><span class='ocrx_word' id='word_1_371' title='bbox 1879 5025 1938 5098; x_wconf 63' lang='lat'>18*</span> 
     </span>
    </p>
   </div>
   <div class='ocr_carea' id='block_1_14' title="bbox 0 0 2710 6309">
    <p class='ocr_par' dir='ltr' id='par_1_18' title="bbox 0 0 2710 6309">
     <span class='ocr_line' id='line_1_40' title="bbox 0 0 2710 6309; baseline 0 0"><span class='ocrx_word' id='word_1_372' title='bbox 0 0 2710 6309; x_wconf 95' lang='lat' dir='ltr'> </span> 
     </span>
    </p>
   </div>
  </div>
 </body>
</html>
