5409 6309
326 1482 330 1489 .
425 1450 438 1491 1

1074 1354 1078 1361 ·
1168 1302 1263 1417 ΟΧ.
1591 1433 1593 1436 ‚

727 1557 1177 1644 comecias-aro
1193 1554 1358 1638 soso
1373 1522 1713 1683 issaram

289 1738 292 1745 ⁴
378 1776 800 1851 franciscanus
820 1770 1063 1857 musonianus
1078 1773 1189 1867 judex
1195 1734 1385 1864 meoticis
1407 1772 1447 1845 nl
1468 1772 1687 1847 munuum
1708 1768 1873 1845 ῖίιιιιιιι
1889 1756 2051 1862 sonitu

440 1879 635 1970 puersdtu
655 1878 788 1970 amotis
802 1895 878 1949 ιιιο
891 1875 999 1948 domu
1021 1875 1181 1948 lrarcisco
1201 1876 1426 1975 compositos
1440 1875 1593 1949 Plurimi
1584 1893 1616 1945 nr
1630 1873 1823 1945 cracoviensi
1843 1873 1988 1947 rutulio

746 1980 957 2111 unctionem
971 1978 1221 2072 undationem
1235 1977 1402 2050 morentii
1415 1970 1610 2095 commendat
1624 1977 1736 2058 (¹)

480 2186 733 2270 Franciscus
768 2186 927 2271 Divina
961 2182 1229 2269 miseratione
1265 2182 1416 2277 Abbas
1458 2182 1629 2267 Monast
1611 2183 1703 2291 terij
1736 2183 1790 2266 de
1820 2182 2048 2283 Andreioso,

184 2332 224 2381 .·
263 2374 266 2379 .
379 2300 525 2387 dudcx
556 2332 582 2386 a
605 2303 719 2388 Sede
749 2284 1001 2414 llpostolica
1022 2303 1077 2385 ad
1099 2300 1208 2387 infra
1238 2303 1396 2410 scripta
1434 2303 1667 2410 deputatus
1687 2298 1998 2386 Honorabili
1958 2326 2047 2385 vrro

378 2420 562 2508 Domino
593 2421 823 2506 Francisco
855 2420 1103 2559 Praeposito
1133 2421 1352 2504 Ecclesiae
1387 2418 1533 2505 Sancti
1565 2419 1782 2503 Floriani
1769 2449 1814 2500 m
1836 2417 2051 2505 Suburbio

381 2535 677 2623 Oracoviensis
700 2538 873 2624 Oivitat’
843 2548 896 2624 trs
920 2537 1142 2622 Salutem
1131 2569 1173 2621 m
1192 2537 1391 2621 Domino
1442 2539 1655 2623 Noveritis
1687 2538 1776 2621 Nos
1798 2537 2053 2619 sanctissimi

379 2657 422 2736 in
445 2642 589 2739 Christ
571 2665 614 2740 to
646 2657 784 2740 Patris
815 2657 987 2741 Domini
1017 2655 1254 2764 Innocentij
1287 2655 1432 2762 Papae
1454 2654 1515 2739 VI
1535 2657 1679 2739 literas
1701 2683 1785 2738 non
1806 2681 1947 2758 rasas,
1967 2684 2052 2739 non

223 2778 229 2785 “
381 2772 562 2879 abolitas
585 2777 729 2857 necin
752 2774 899 2882 aliqua
920 2782 1042 2883 parte
1063 2776 1129 2855 sui
1149 2776 1341 2876 vitiatas,
1385 2776 1461 2856 sed
1494 2775 1607 2856 omni
1627 2775 1795 2856 vit10et
1814 2774 2054 2883 suspicione

232 2900 236 2906 “
306 2888 310 2895 “
382 2867 576 2972 carentes
607 2895 697 2973 eius
719 2919 820 2975 vera
851 2891 967 2975 bulla
996 2890 1201 2999 plumbea
1229 2890 1415 2973 bullatas
1445 2889 1660 2999 recepisse
1691 2892 1734 2971 in
1765 2890 1872 2973 haec
1907 2889 2053 2973 verba

382 3006 483 3102 (Hic
503 3009 681 3115 sequitur
697 3009 799 3090 idem
820 3020 1021 3089 contentus
1042 3007 1256 3108 verborum,
1278 3034 1391 3116 quom
1407 3007 1624 3118 precedens
1642 3001 1812 3117 deplorato
1828 3033 1921 3088 anno
1916 3006 2051 3090 1353

173 3162 179 3169 ·
319 3234 323 3243 ¹
382 3125 606 3205 innocencio·
631 3124 696 3206 VI
705 3152 839 3235 pupae
861 3125 934 3225 (od
951 3124 1025 3208 N⁰.
1045 3119 1174 3205 CVII
1190 3124 1335 3208 editum
1355 3134 1496 3234 sopra)
1518 3124 1700 3229 colibet).

487 3240 577 3349 Nos
612 3244 742 3353 igitur
776 3270 904 3351 varys
926 3249 970 3322 et
990 3243 1165 3341 dinetus
1203 3242 1434 3352 arduisque
1470 3268 1663 3352 negocys
1702 3242 1852 3325 domus
1883 3250 2055 3351 nostrae

374 3359 638 3467 ’praepedita
659 3361 892 3469 cognitioni
913 3387 965 3442 ao
988 3360 1191 3443 decisioni
1222 3360 1393 3445 Causae
1425 3360 1666 3447 huiusmodi
1698 3360 1816 3467 iuxta
1836 3359 2057 3442 continen—

382 3476 485 3556 tiam
507 3474 759 3559 directarum
789 3477 1023 3559 litterarum
1054 3474 1396 3586 Apostolicorum
1428 3477 1648 3560 intendere
1668 3491 1753 3561 non
1773 3478 1982 3580 valentes,
2005 3474 2057 3558 dc
2104 3540 2106 3545 .

383 3590 610 3700 prudentia
631 3602 675 3676 et
695 3594 960 3678 solicitudine
981 3603 1125 3678 vestra
1144 3596 1368 3733 plurimam
1389 3594 1590 3677 fiduciam
1623 3593 1880 3695 obtinentem
1911 3603 2057 3677 tenore

256 3716 260 3723 ‘
382 3714 671 3819 praesentium
704 3712 819 3794 vices
855 3721 1024 3795 nostras
1057 3714 1358 3816 commitimus,
1380 3714 1458 3794 ut
1447 3741 1491 3793 m
1511 3714 1606 3825 ipsa
1626 3712 1772 3798 Causa
1793 3739 2058 3823 cognoscen

386 3826 439 3910 do
462 3827 573 3940 (sic),
608 3830 729 3913 iuxta
763 3828 944 3914 formam
979 3826 1103 3915 nobis
1139 3819 1338 3916 traditam
1353 3831 1664 3940 procedatist
1647 3831 1810 3913 tamdiu
1861 3857 2057 3941 uousque
2110 3932 2113 3939 ¹

318 4056 323 4065 Ι
384 3942 502 4054 ipsas
535 3946 590 4029 ad
621 3974 698 4031 nos
736 3948 977 4031 duxerimus
1014 3950 1292 4033 revocandas.
1347 3947 1525 4032 sivero
1561 3948 1786 4061 negligens
1823 3860 2028 4032 llreritis
2016 3948 2059 4029 in

378 4062 631 4170 praemissis
651 4075 694 4147 et
712 4066 912 4151 remissus
948 4094 1026 4165 seu
1062 4068 1276 4161 mandatis
1313 4066 1542 4176 praedictis
1578 4094 1663 4151 non
1699 4060 1924 4178 parueritis
1962 4093 2058 4149 cum

344 4198 345 4202 ‘
388 4176 597 4285 effectus
586 4210 629 4269 m
649 4210 724 4267 vos
764 4182 870 4267 Sent
854 4185 1026 4269 tentiam
1068 4184 1529 4282 Excommnnicationis
1568 4184 1789 4305 Canonica
1825 4185 2057 4268 monitione

322 4310 344 4355 ·'
378 4300 619 4407 'praemissa
639 4328 715 4383 sex
737 4282 918 4405 dierum,
941 4304 1123 4412 quorum
1146 4303 1253 4387 duos
1277 4306 1367 4387 dies
1384 4330 1461 4415 pro
1477 4296 1668 4415 prima,
1645 4306 1758 4387 duos
1773 4330 1850 4414 pro
1868 4301 2060 4383 secunda

388 4425 433 4496 et
450 4427 681 4524 sequentes
704 4419 811 4502 duos
833 4421 1032 4503 continue
1055 4432 1098 4502 et
1116 4422 1362 4506 immediate
1393 4431 1623 4531 sequentes
1653 4448 1730 4532 pro
1761 4420 1890 4503 tertia
1923 4420 2059 4502 moni·

386 4535 500 4639 tione
518 4546 548 4618 'a
569 4534 637 4619 die
657 4537 956 4621 notificationis
991 4537 1140 4621 harum
1176 4536 1410 4623 litterarum
1432 4539 1556 4653 vobis
1577 4538 1719 4624 factae
1739 4536 1909 4622 ferimus
1929 4534 1973 4618 in
1992 4536 2059 4620 his

309 4712 315 4727 ,
388 4651 601 4867 scriptis.
622 4653 675 4735 In
695 4655 828 4736 cuius
837 4656 900 4793 rei
917 4655 1208 4767 testimonium
1248 4663 1498 4768 praesentes
1529 4658 1694 4747 lineas
1730 4656 1861 4769 nostri
1899 4673 2060 4813 appen-

492 4911 536 4995 (¹)
557 4911 610 4977 Ex
634 4866 751 4978 ulula
773 4912 970 4980 Francisoi'
970 4844 1121 5065 praepos
1105 4832 1163 4979 „iol
1190 4910 1351 4983 sedeciae
1375 4913 1410 4981 S.
1425 4854 1796 4985 unaccountable
1826 4914 2055 4999 Oraconiensi,
2092 4846 2107 4866 ·

223 4970 232 4977 ’
386 5017 497 5081 «μω
492 4911 812 5083 (comminemur.
827 4996 954 5084 cxiv)
993 5004 1211 5105 epromptum.

395 5130 401 5137 .
493 5098 629 5195 sonum
1380 5071 1384 5078 ¹
1761 5120 1768 5133 ·
1810 5102 1848 5166 31
