5409 6309
1197 873 1206 895 Ἰ
1367 746 1646 847 arca-

528 1076 531 1081 1
678 960 998 1060 (iracoviense's'
1022 966 1106 1055 saa
1132 970 1393 1083 properata*
1425 976 1558 1085 sapei
1598 975 2043 1071 emacteaiaetlits
2061 980 2340 1079 decimarum

676 1086 966 1209 predictarum
993 1092 1048 1175 de
1068 1095 1151 1177 alto
1172 1102 1216 1174 et
1236 1092 1365 1175 basso
1402 1120 1497 1175 cum
1535 1095 1703 1177 caesa
1721 1093 1997 1185 amentiam
2031 1102 2336 1221 compromissa

675 1242 802 1325 super
822 1213 903 1295 hoc
918 1204 1116 1297 'coniecto
1137 1213 1300 1322 plenius
1323 1210 1597 1296 amicabiliter
1618 1217 2029 1322 compromiserunt:
2043 1224 2335 1420 psamian

674 1333 970 1421 inviolabiliter
992 1333 1215 1419 observare
1240 1346 1281 1417 et
1301 1340 1464 1434 tenere,
1482 1332 1691 1443 quidquid
1711 1362 1786 1444 per
1807 1335 1976 1419 eosdem
1998 1365 2051 1423 ve
2088 1356 2252 1448 partem
2273 1348 2334 1431 al·

674 1469 808 1540 teram
832 1454 1079 1555 eorundem,
1117 1452 1186 1538 cui
1217 1450 1479 1537 Venerabilis
1501 1454 1564 1533 vir
1587 1452 1778 1536 dominus
1800 1452 2002 1538 Sueslaus
2025 1448 2270 1561 Canonicus
2292 1477 2334 1552 et

675 1572 878 1661 Officialis
915 1571 1208 1657 Gracouiensis
1231 1570 1471 1673 adhereret,
1493 1571 1729 1657 ordinatum
1762 1584 1876 1655 esset
1896 1584 1938 1655 et
1958 1567 2191 1662 laudatum.
2242 1584 2330 1672 Nos
2376 1598 2379 1611 ‘

669 1723 773 1783 ,vero
793 1694 973 1804 predicti
995 1693 1264 1775 arbitratcres
1285 1701 1331 1787 >et
1351 1692 1671 1799 compositores,
1692 1690 1891 1774 videlieet
1910 1691 1941 1777 ‚J
1943 1696 2130 1780 ohannes
2148 1697 2331 1791 Grotko·

672 1819 758 1919 nie,
778 1815 961 1900 Mathias
984 1812 1036 1893 de
1060 1808 1174 1905 Volo,
1207 1809 1238 1894 J
1239 1812 1430 1895 ohannes
1451 1810 1503 1889 de
1525 1807 1682 1929 Recessit
1698 1822 1743 1895 et
1759 1810 1959 1905 Nhoiauo
1972 1876 1987 1903 ..
1999 1814 2136 1899 dictrrs
2168 1818 2328 1924 scalea,

672 1937 772 2041 visis
795 1930 987 2018 omnibus
1008 1958 1092 2041 que
1111 1931 1300 2039 predicte
1320 1941 1462 2038 partes
1484 1954 1559 2036 pro
1580 1926 1880 2013 informatione
1907 1930 2188 2019 Juris‘ccram
2209 1941 2330 2026 nobis

672 2054 973 2169 producerent,
995 2050 1048 2132 de
1070 2044 1241 2143 consilio
1274 2048 1509 2159 sapientum
1542 2051 1821 2156 comperimus
1842 2060 1889 2132 e't
1907 2053 2252 2141 invenimus-am
2273 2062 2332 2146 dd
2363 2156 2368 2159 ,

672 2177 777 2263 Jure
800 2201 928 2284 quam
947 2170 998 2251 dc
1014 2171 1141 2252 literis
1162 2199 1263 2251 vera
1277 2167 1400 2253 Bulla
1418 2164 1540 2253 Sedis
1557 2167 1789 2274 apostolice
1808 2172 1997 2274 munitis,
2015 2175 2130 2283 quod
2150 2164 2330 2285 predicti

669 2294 818 2380 Abbas
840 2300 884 2373 et
905 2290 1148 2375 Oonventus
1170 2288 1413 2397 Monasterij
1437 2287 1490 2371 de
1513 2282 1679 2394 Cyrzr'cz,
1703 2288 1755 2369 de
1776 2290 1895 2372 terris
1931 2289 2116 2399 ipsorum
2142 2297 2265 2381 cultis
2286 2310 2330 2383 et

625 2400 628 2401 ⁷
670 2440 752 2499 non
775 2413 897 2493 cultis
918 2435 993 2519 per
1012 2410 1127 2517 ipsos
1147 2408 1216 2491 v'el
1235 2414 1418 2518 ipsorum
1439 2406 1635 2506 heredes,
1673 2408 1880 2497 decimam
1900 2409 1959 2499 ad
1979 2413 2157 2509 eandem
2180 2415 2329 2509 Abba·

669 2544 757 2617 tem
774 2543 817 2613 et
833 2526 1097 2613 Conventam
1115 2520 1356 2638 Monaste'rij
1378 2526 1556 2636 predicti
1577 2523 1731 2611 debere
1751 2528 2173 2643 pertineres...·splum
2185 2536 2328 2631 Deum

667 2680 745 2764 pre
767 2649 899 2734 oculis
920 2644 1141 2749 habentes,
1165 2650 1315 2731 eteius
1338 2646 1505 2732 nomine
1527 2645 1742 2750 invocato,
1762 2645 1807 2737 in
1827 2648 2052 2757 ipsamque
2071 2658 2327 2743 sentenciam

666 2771 781 2857 bona
804 2758 1110 2851 deliberacione
1129 2767 1373 2875 probabile,
1395 2765 1506 2851 nullo
1528 2764 1825 2875 discrepante,¹
1846 2767 2163 2878 convenientes,
2181 2775 2224 2859 in
2245 2776 2325 2886 hijs

669 2878 835 3000 scriptis
855 2887 1114 2989 Laudamus,
1136 2885 1412 2988 Arbitramur,
1435 2884 1660 2970 Sumamus
1685 2894 1727 2967 et
1746 2884 1991 2990 diffinimus,
2012 2886 2209 2983 Decimae
2229 2923 2325 3004 pter

670 3011 805 3092 dictas
829 3008 880 3089 de
902 3006 1006 3089 villis
1028 3006 1125 3093 vide
1145 3005 1245 3088 licet
1277 3003 1501 3119 Glopocrow
1524 3014 1569 3088 et
1597 2998 1778 3101 Wlesaa
1799 3005 1857 3091 'a'd
1877 3008 2088 3115 predictos
2108 3011 2324 3109 ¹'Abbatenr

668 3140 711 3212 et
733 3129 1001 3214 Oonvcutum
1022 3136 1228 3208 eteorum
1245 3124 1545 3208 Monaaterium
1565 3124 1817 3232 pertinuisse
1835 3124 2105 3236 etperpetuis
2126 3136 2326 3245 tempori.

667 3248 749 3331 bus
771 3246 822 3331 de
844 3243 949 3328 Jure
979 3246 1209 3354 pertinere,
1245 3244 1440 3327 Predicto
1479 3240 1675 3351 Spitkoni
1696 3244 1858 3333 deoauo
1880 3270 2005 3354 super
2022 3322 2025 3327 ⁴
2042 3247 2207 3337 dicirnls
2228 3252 2323 3364 (sio)

669 3366 825 3448 eisdem
863 3372 1114 3474 perpetuum·
1150 3363 1367 3448 silencium
1401 3366 1677 3472 imponentes.
1729 3362 1779 3449 ln
1820 3362 1939 3449 cuim
1957 3366 2019 3459 rei
2037 3371 2322 3465 testimonium

664 3510 839 3598 presens
860 3495 1050 3567 nostrum
1072 3480 1286 3565 arbitrium
1309 3513 1384 3593 per
1404 3484 1575 3567 Petrum
1608 3482 1659 3564 de
1680 3474 2164 3593 &montepublic'am
2185 3499 2227 3575 ct
2246 3518 2324 3579 no.

665 3604 818 3687 tarium
860 3628 991 3687 cause
1029 3596 1152 3684 liuius
1183 3602 1316 3704 modi,
1352 3606 1698 3710 compromissum
1728 3600 2037 3712 infrascriptum
2068 3607 2195 3699 scribi
2215 3620 2260 3693 et
2277 3612 2322 3703 ia

661 3722 841 3808 formam
861 3719 1074 3831 publicam
1096 3718 1235 3833 redigi»
1253 3719 1428 3804 fecimus
1437 3778 1452 3825 ‚.
1484 3750 1580 3805 cum
1601 3732 1844 3813 positorum.
1855 3725 2116 3831 oppansione
2150 3725 2320 3840 Sigillo-

664 3868 770 3926 rum.
803 3841 958 3924 nomm
979 3848 1024 3921 et
1038 3840 1196 3942 datum,
1217 3839 1343 3925 Anno
1365 3842 1520 3925 domini
1540 3840 1774 3947 Millesima
1794 3844 2109 3949 bocenteaime,
2135 3874 2319 3961 senago.

665 3964 770 4072 simo
792 3971 958 4044 octavo.
1011 3958 1254 4043 Indiccione
1275 3971 1397 4044 sexta
1416 3962 1573 4043 mensis
1591 3960 1693 4071 Maij
1714 3961 1778 4045 die
1799 3962 2020 4063 uicesima,
2040 3962 2147 4061 hora
2167 3970 2318 4071 tercia*¹

661 4106 767 4165 rum.
823 4072 1069 4162 croacasin
1093 4077 1194 4163 Sala
1214 4077 1497 4165 habitacionis
1514 4079 1787 4167 Honorabilis
1805 4080 1885 4169 oiri
1904 4078 2115 4181 dohanuis
2137 4082 2320 4189 Groikss‘

663 4202 727 4284 uis
751 4201 933 4283 doctoris
955 4197 1217 4283 decretorum
1230 4266 1233 4271 c
1247 4200 1505 4308 supradicti„
1540 4199 1811 4287 Presentibus
1833 4197 2148 4301 honorabilibus
2172 4216 2216 4287 et
2234 4207 2318 4303 dis-2

664 4322 788 4403 cretis
804 4322 922 4405 viris:
942 4316 1121 4402 Domino
1140 4317 1361 4402 Sauerneo
1376 4319 1579 4428 Navocay
1597 4318 1813 4409 Oenotriae
1831 4317 2121 4424 Craccrietai,
2136 4324 2316 4423 Nicolao

661 4450 823 4523 rectore
844 4437 1034 4523 Ecclesia
1052 4435 1328 4548 delineatione>
1347 4438 1596 4523 Wencerlao
1617 4440 1799 4529 victor-io
1813 4436 2316 4543 Ecoeueoreecvicnets

663 4556 951 4657 Kathedralis‚
972 4554 1246 4643 Franczkone
1270 4558 1321 4642 de
1343 4557 1538 4641 Bulonz‘ni
1556 4554 1837 4672 (Bukovinii),
1870 4557 2079 4644 Stanislao
2112 4559 2225 4646 dicto
2246 4562 2317 4645 Zi-

658 4674 814 4773 ‚dotasti
832 4688 875 4756 et
893 4674 1071 4760 Nicolao
1091 4670 1270 4761 Fabiani
1292 4678 1347 4759 de
1370 4675 1621 4761 Scsdomirio
1653 4678 1820 4763 Clerico
1842 4676 2144 4763 -·familim·ibos÷
2160 4680 2316 4769 domini

662 4792 872 4878 iohannis
894 4791 1121 4881 Grotkonis
1143 4795 1374 4906 supradicti
1396 4805 1439 4878 et
1458 4782 1551 4903 aliis
1571 4794 1866 4907 pluribus'fide
1886 4798 2028 4911 ’dignis
2046 4792 2229 4887 tarmus
2248 4792 2315 4919 ‘ad

663 4913 867 5027 premissa
886 4916 1049 4999 vocatis
1078 4914 1314 5026 specialiter
1337 4924 1379 4997 et
1397 4913 1629 5025 rogatis..·
1715 4942 1770 4999 ζ..
1861 4946 1865 4957 ’
1935 4950 1974 5015 ·,
2014 4992 2059 5013 ,,
2106 4922 2120 5015 ,ζ
2174 4988 2214 5017 ,.
2267 4912 2271 4923 ’
