5409 6309
253 1055 265 1079 .
374 992 659 1100 qumque
679 998 735 1073 ex'
756 1014 837 1072 ssa
854 986 1064 1071 industria
1097 974 1285 1084 idvenim
1316 985 1529 1098 poterint,
1566 989 1720 1074 demus
1755 992 2041 1092 omnbnodam

373 1107 643 1214 fucultatem,
661 1109 937 1203 admittentes
957 1106 1092 1189 etiam
1114 1102 1166 1187 de
1181 1116 1332 1193 'metra
1362 1107 1510 1216 grado
1539 1103 1734 1217 speciali,
1758 1110 1883 1220 ,quod
1914 1110 2041 1195 villae

372 1226 619 1335 praedictae
641 1222 802 1309 civitati
824 1226 964 1309 cidem
984 1224 1249 1332 adjacentes,
1266 1225 1417 1307 eodem
1434 1220 1530 1333 jure
1552 1226 1823 1335 garriebant,
1840 1252 1927 1333 quo
1946 1230 2046 1337 ipsa·

372 1333 523 1426 civitas
545 1345 708 1454 gaudet
724 1345 1070 1452 praeseminata*
1114 1336 1343 1425 Praeterea
1375 1341 1575 1436 omnibus
1597 1339 1894 1427 cmethonibus
1915 1348 2041 1429 villae

374 1460 513 1543 eidem
535 1463 785 1545 advocatiae
804 1459 1126 1571 adjacesdmrs,
1146 1456 1361 1563 locandis,
1383 1460 1439 1540 ad
1461 1459 1782 1569 extirpationem
1824 1460 2043 1546 nemormn
2114 1532 2120 1549 .

209 1648 215 1659 .
373 1570 530 1663 ibidem
553 1587 597 1660 et
605 1579 852 1694 sylvarum,
885 1579 1035 1661 damus
1078 1602 1105 1658 a
1124 1571 1229 1659 data
1247 1578 1463 1687 praesenti
1479 1572 1591 1658 inira
1609 1579 1764 1687 viginti
1784 1602 1918 1662 annos
1940 1606 2044 1666 oen-
2210 1660 2216 1667 ,

373 1693 536 1800 tinuos,
556 1696 614 1779 ab
637 1690 833 1780 omnibus
854 1699 1009 1780 nostris
1031 1692 1246 1778 theloneis
1260 1706 1304 1776 et
1322 1694 1618 1777 exactionibus
1650 1696 1878 1797 universis,
1909 1701 2043 1781 omni-
2126 1718 2130 1725 ‘

373 1810 545 1894 modam
583 1812 838 1901 libertatem.
891 1810 988 1911 Qua
1007 1814 1161 1921 elapsa
1179 1812 1343 1895 incolae
1366 1812 1552 1894 civitatis
1582 1815 1843 1923 praemissae
1866 1822 1909 1893 et
1927 1841 2043 1898 eme«

375 1926 527 2011 thonas
563 1931 710 2034 villae,
748 1933 822 2037 qui
858 1930 1127 2033 locabuntur,
1160 1931 1213 2011 dc
1244 1928 1440 2041 quolibet
1474 1925 1586 2013 festo
1624 1925 1666 2016 S.
1685 1931 1855 2031 Martini
1888 1957 2041 2016 novem

375 2056 519 2137 scotos
551 2072 796 2157 grossorum
832 2047 966 2131 Nobis
999 2050 1165 2133 solvere
1197 2058 1434 2132 teneantur.
1486 2047 1733 2155 Adjecimus
1755 2050 1903 2151 etiam,
1927 2051 2045 2156 quod
2196 2134 2200 2137 ,

357 2161 612 2248 ’advocatus
635 2195 732 2248 cum
754 2165 917 2251 civibus
940 2167 1126 2254 civitatis
1145 2165 1405 2279 praedictae,
1427 2194 1478 2247 ac
1500 2195 1598 2249 cum
1629 2166 1778 2249 incolis
1811 2167 2053 2275 adjacenti·-

376 2278 457 2360 bus
488 2283 740 2368 'advocatiae
771 2292 1031 2367 memoratae
1052 2288 1096 2368 in
1119 2282 1386 2395 quibuslibet
1414 2282 1717 2368 festivitatibus
1753 2283 2044 2393 infrascriptis,

375 2396 594 2505 videlicet:
617 2403 660 2483 in
680 2402 913 2509 Nativitate
952 2402 1138 2508 Christi,
1149 2406 1194 2485 in
1215 2400 1404 2504 Pascha,
1426 2404 1470 2485 in
1490 2401 1746 2486 Pentecoste
1778 2401 1968 2505 Domini,
1992 2402 2043 2484 de

351 2518 533 2635 ‘mansis
554 2520 760 2629 ipsorum,
781 2518 979 2625 libertate
1001 2523 1238 2630 expirante,
1268 2521 1414 2603 decem
1438 2529 1482 2602 et
1504 2529 1601 2604 octo
1623 2532 1764 2605 scotos
1786 2520 2044 2621 insolidum,
2095 2506 2099 2527 '

375 2630 418 2708 in
439 2633 611 2742 signum
631 2638 997 2743 honorificentiae,
1019 2642 1076 2720 ad
1098 2639 1214 2747 quod
1235 2636 1381 2724 Poczta
1417 2639 1654 2749 vulgariter
1686 2639 1798 2721 dicto
1822 2634 1932 2748 (sic),
1968 2667 2044 2750 pro

374 2774 523 2833 mensa
541 2764 687 2836 nostra
709 2758 810 2837 dare
833 2767 876 2838 et
896 2759 1138 2865 impendere
1160 2758 1245 2837 sint
1265 2757 1470 2838 adstricti.
1523 2756 1707 2839 Demum
1734 2756 1928 2839 volumus
1952 2758 2047 2864 qui·

376 2889 547 2987 cunque
568 2875 742 2955 nuntius
764 2878 959 2982 exparte
982 2888 1126 2959 nostm
1147 2874 1203 2955 ad
1224 2874 1551 2981 praesidendum
1572 2873 1731 2956 ibidem
1746 2874 1920 2981 judicio,
1938 2898 2046 2980 quo·

374 2993 629 3093 tieseunque
671 2989 796 3072 fuerit
839 2993 1088 3100 deputatus,
1128 2988 1255 3073 toties
1298 2992 1533 3087 advocatus
1574 2991 1819 3100 praedictae
1862 2990 2046 3077 civitatis

375 3108 515 3190 'sidem
550 3114 695 3219 nostro
733 3110 880 3192 nuntio
914 3111 1140 3217 prandium
1180 3134 1311 3189 unum
1333 3116 1408 3189 aut
1429 3137 1504 3190 sex
1525 3118 1669 3191 scotos
1703 3108 1803 3188 dare
1833 3114 2044 3190 teneatur.

377 3227 492 3309 Inter
514 3223 600 3306 alia
620 3222 880 3308 absolvimus
917 3228 1183 3336 praedictum
1220 3223 1446 3307 Cunadum
1484 3227 1740 3307 aduocatum
1763 3232 1805 3305 et
1825 3250 1924 3307 suos
1947 3252 2045 3306 suc·

177 3368 190 3389 ·
280 3388 285 3398 ·
377 3369 587 3443 cessores,
608 3370 690 3425 nec
710 3369 797 3426 non
819 3342 1101 3449 Cmethones,
1122 3350 1170 3427 ut
1189 3343 1448 3451 permittitur
1466 3341 1577 3454 (sic),
1598 3345 1647 3426 in
1662 3342 1764 3427 villa
1786 3341 1842 3423 ad
1863 3343 2045 3424 eandem

378 3463 648 3547 advocatiam
668 3470 913 3567 spectante,
937 3463 993 3545 ab
1016 3461 1210 3547 omnibus
1226 3462 1398 3570 judiciis
1422 3471 1464 3542 et
1478 3457 1842 3569 jurisdictionibus
1861 3460 2048 3543 omnium
2117 3492 2124 3503 ·

284 3667 290 3676 ,
376 3578 684 3681 Psi-latinorum,
707 3579 1046 3697 Oastellanorum
1069 3579 1354 3689 quorumlibet
1367 3579 1580 3689 judicum,
1617 3577 1887 3685 subjudicum
1907 3576 2049 3687 Regm‘
2143 3680 2145 3685 Α

376 3698 521 3803 Nostri
540 3699 739 3808 poenitus
758 3696 1010 3803 liberamus,
1031 3699 1093 3780 ita
1113 3700 1231 3809 quod
1253 3725 1398 3781 eoram
1418 3699 1530 3807 ipsis
1542 3697 1613 3781 vel
1635 3723 1779 3779 coram
1802 3688 1948 3801 aliqu‘o
1968 3719 2045 3801 pro
2090 3723 2096 3741 ·

378 3815 795 3929 causismagnisvel
815 3818 957 3924 parvis
979 3816 1081 3899 nulli
1102 3816 1288 3900 debeant
1323 3815 1611 3926 respondere,
1630 3815 1711 3897 nisi
1731 3814 1847 3895 cives
1870 3819 1913 3893 et
1935 3837 2048 3893 cme·

376 3936 528 4019 thones
552 3956 696 4018 coram
716 3956 792 4018 suo
816 3937 1025 4019 advocato
1041 3936 1139 4046 jure
1158 3934 1408 4019 theutonico
1434 3930 1797 4044 Maydeburgensi
1815 3927 2049 4039 responde·

377 4042 499 4135 buntss
559 4052 810 4136 Advocatus
845 4056 946 4169 vero
981 4053 1226 4164 praedictus
1249 4064 1293 4135 et
1312 4054 1379 4135 sui
1399 4078 1669 4135 successores
1704 4073 1790 4134 non
1825 4046 1932 4157 alias
1967 4026 2050 4129 nisi

381 4190 526 4253 coram
554 4162 692 4255 Nobis
713 4170 813 4271 du'm
834 4181 980 4254 tamen
1000 4197 1076 4280 per
1093 4168 1262 4255 literam
1292 4164 1440 4273 nostrii
1470 4169 1610 4282 sigillo
1641 4169 1849 4271 munitam
1880 4164 2049 4247 evocati

377 4288 551 4391 serint,
571 4294 665 4371 tum
687 4284 738 4371 de
759 4309 805 4370 se
823 4277 1151 4400 ‘querulantibus
1174 4314 1261 4373 non
1282 4292 1406 4373 aliter
1439 4315 1570 4400 quam
1591 4311 1668 4371 suo
1682 4287 1778 4396 jure
1798 4283 2047 4367 theutonice

377 4404 636 4516 respondere
665 4410 909 4517 teneantur.
967 4406 1020 4491 In
1054 4409 1197 4492 causis
1235 4406 1665 4517 autem'capitalibus
1687 4412 1731 4487 et
1749 4399 2048 4505 criminalibus,

378 4534 496 4636 puta:
519 4521 632 4629 furti,
652 4525 888 4634 sanguinis,
908 4527 1146 4630 homicidii,
1164 4528 1353 4609 incendii
1373 4534 1416 4608 et
1438 4527 1531 4609 aliis
1552 4523 1777 4625 uniuersis,
1798 4521 2049 4603 admodum
2160 4548 2164 4556 ¹
2195 4562 2198 4567 ν

378 4633 609 4755 praefatas
623 4636 807 4726 civitatis
822 4638 1046 4751 judicandi
1066 4641 1358 4749 sternendi,
1378 4640 1548 4753 plenam
1569 4656 1614 4726 et
1633 4639 1923 4727 omnimodum
1939 4637 2050 4720 elar·
2092 4680 2096 4689 ·

380 4763 521 4876 gimnr
549 4769 827 4872 potestatem,
852 4770 986 4883 ‚prout
1013 4763 1155 4870 ipsum
1167 4760 1249 4869 jus.
1260 4758 1560 4847 theutonicum
1585 4756 1778 4872 postulat
1797 4766 1840 4842 et
1858 4748 2048 4867 requirit.

381 4880 566 4967 Domum
596 4880 844 4987 statuimus,
867 4890 918 4965 ut
936 4880 1050 4966 idem
1085 4880 1345 4984 adeamus,
1366 4880 1497 4964 usui
1533 4879 1698 4991 posteri
1726 4877 1786 4963 cd
1816 4871 2052 4987 quemlibet
2252 4870 2254 4877 ’

1680 5109 1689 5120 .
1843 5007 1905 5074 ὅθ·
