5409 6309
1334 856 1610 934 -314-

653 1064 982 1158 obucncionibus
1002 1061 1190 1145 limitetis
1210 1060 1333 1147 nobis
1355 1060 1555 1145 solercius
1591 1057 1909 1172 pretendentes,
1939 1086 2104 1144 exnunc
2135 1056 2299 1146 molan·

654 1182 901 1300 dinum(sic)
917 1191 1106 1267 nostrum
1126 1209 1258 1294 prope
1279 1181 1419 1266 villam
1439 1189 1625 1262 nostram
1640 1177 1906 1263 Rodosclricze
1928 1175 1982 1291 (θ)
2003 1180 2047 1261 in
2066 1181 2193 1264 fluvio
2211 1177 2298 1267 lca·

653 1336 742 1392 crea
764 1305 817 1417 (³)
840 1305 1019 1387 discreto
1054 1303 1143 1386 viro
1178 1301 1497 1385 molendinatori
1529 1311 1571 1383 et
1599 1298 1833 1409 posteritati
1863 1324 1940 1381 sue
1969 1297 2156 1408 legitime
2197 1300 2300 1387 alios

651 1455 725 1537 per
746 1426 882 1532 ipsum
901 1421 1128 1505 Martinum
1150 1430 1437 1504 constructum
1458 1428 1500 1500 et
1522 1428 1725 1501 errectum
1752 1417 1846 1526 jure
1857 1416 2117 1529 ‘hereditario
2140 1419 2301 1525 damus,

656 1545 879 1648 donamus,
916 1537 1201 1646 asscribimus,
1238 1541 1500 1624 annectimus
1539 1548 1581 1621 et
1614 1545 1817 1649 perpetuo
1853 1534 2167 1645 incorporamus
2204 1566 2301 1624 cum

654 1661 847 1748 omnibus
872 1671 916 1744 et
934 1660 1108 1773 singulis
1128 1658 1425 1768 prouentibus,
1446 1658 1696 1742 utilitatibus
1719 1664 1761 1738 ct
1781 1655 2115 1742 obucncionibus
2135 1659 2303 1742 univer-

655 1783 712 1867 sis
732 1781 986 1891 tenendumq
1000 1779 1262 1882 habendum,
1283 1777 1602 1887 possidendum,
1624 1774 1909 1878 vendendum,
1929 1776 2190 1880 donandum,
2220 1806 2304 1862 nec

655 1929 738 1987 non
758 1928 834 2011 pro
854 1899 1033 1982 utilitate
1054 1926 1131 1979 sua
1151 1923 1407 2003 suorumque
1426 1907 1641 2004 posterum
1662 1894 1773 2009 (sic).
1794 1892 1969 1999 meliori,
2004 1898 2120 2006 prius
2155 1896 2300 1984 habito
2334 1984 2344 2005 ‚

653 2048 864 2105 consensu
883 2028 926 2100 et
943 2017 1221 2129 requisitione
1242 2014 1415 2125 speciali
1435 2015 1750 2126 quomodolibet
1763 2016 2112 2121 convertendum,
2128 2015 2196 2099 De
2217 2041 2304 2127 quo

656 2138 896 2224 molendino
925 2137 1141 2246 predictus
1173 2133 1377 2218 Martinus
1401 2143 1443 2216 ct
1462 2136 1683 2242 posteritas
1705 2161 1788 2216 sua
1802 2134 1976 2243 singulis
2009 2137 2126 2218 annis
2148 2148 2190 2219 et
2208 2165 2305 2248 per·

654 2260 794 2369 petuis
824 2256 946 2339 nobis
969 2266 1010 2338 et
1030 2253 1344 2338 successoribus
1374 2254 1528 2337 nostris
1549 2280 1632 2362 pro
1664 2255 1781 2336 curia
1808 2262 1953 2337 nostra
1986 2255 2027 2335 in
2056 2255 2303 2340 Radoscltice

655 2377 808 2489 viginti
827 2400 1045 2458 mensuras
1067 2373 1197 2456 farine
1222 2373 1397 2483 siliginis
1419 2384 1463 2456 et
1482 2372 1588 2454 duas
1610 2371 1664 2454 de
1684 2373 1839 2457 brenen
1862 2371 1963 2456 dare
1979 2381 2021 2454 et
2037 2373 2201 2459 soluere
2222 2377 2307 2459 sint

657 2495 851 2596 asstricti,
872 2495 947 2577 tali
966 2494 1234 2579 ordinacione
1254 2492 1460 2601 injuncta,
1476 2492 1593 2601 quod
1613 2500 1701 2574 tam
1719 2490 1907 2601 lapidum
1928 2494 2155 2599 molarium,
2178 2524 2305 2605 quam

656 2616 702 2698 in
719 2613 864 2697 ferreis
894 2612 1152 2720 attinencijs,
1182 2616 1384 2720 quociens
1408 2621 1450 2694 ct
1470 2611 1640 2719 quando
1671 2611 1727 2692 ad
1755 2609 1991 2722 predictum
2020 2611 2307 2699 molandinum

657 2731 890 2843 compararj
923 2741 1158 2843 opportuna
1186 2722 1360 2833 fuerint,
1390 2758 1466 2814 nos
1498 2730 1609 2813 duas'
1633 2738 1796 2840 partes,
1816 2731 1970 2840 etipse
1999 2730 2308 2822 molendinator.

657 2853 832 2935 terciam
864 2851 964 2935 dare
987 2860 1029 2934 et
1047 2877 1271 2961 procurare
1302 2857 1504 2954 tenemur,
1535 2850 1617 2934 hoc
1649 2857 1844 2959 excepto,
1876 2851 1992 2961 quod
2013 2855 2151 2935 omnia
2171 2882 2306 2964 appa·

655 2980 750 3055 rata
776 2970 986 3080 lignorum
1014 2997 1090 3082 pro
1114 2968 1206 3078 jam
1237 2968 1349 3055 dicto
1380 2969 1620 3054 molendino
1649 2978 1887 3079 opportuna
1922 2972 2123 3080 quociens
2163 2982 2306 3058 noster

657 3100 902 3201 procurator
923 3091 1039 3173 curie
1057 3098 1200 3175 nostre
1219 3088 1408 3198 predicte
1441 3087 1710 3172 Rodorobr'czc
1745 3087 1935 3172 curribus
1965 3093 2141 3201 propriis
2161 3119 2307 3205 sump-

658 3209 772 3294 tibus
794 3218 837 3291 et
857 3210 1051 3318 expensis
1072 3208 1129 3291 ad
1150 3208 1309 3290 dictum
1329 3208 1614 3293 molandinum
1635 3208 1872 3299 conducere
1892 3210 2166 3317 spondemus,
2189 3213 2309 3298 dum-

656 3325 783 3413 modo
803 3356 879 3438 per
898 3329 1034 3438 ipsum
1064 3327 1437 3412 molendinatorem
1468 3325 1666 3411 fuerimus
1695 3328 1897 3439 requisiti.
1949 3328 2131 3435 Harum,
2153 3331 2309 3445 quibus

659 3455 741 3532 etc.
766 3447 909 3530 datum
929 3449 973 3529 in
993 3444 1278 3546 successere,
1308 3448 1400 3555 ipso
1434 3446 1504 3529 die
1534 3446 1803 3529 exaltacionis
1835 3456 1980 3529 sancte
2013 3452 2167 3552 crucis,
2199 3479 2308 3536 anno

590 3599 594 3609 ’
660 3565 816 3652 domini
846 3567 1059 3650 millesimo
1095 3568 1386 3649 trecentesimo
1409 3566 1670 3674 sexagesimo
1692 3592 1815 3649 nono.
1867 3566 2139 3652 Prcscntibus
2159 3571 2308 3656 nobili·

657 3685 738 3769 bus
760 3686 1017 3794 Msczuijone
1038 3682 1352 3768 Succamerario
1376 3680 1446 3796 (⁴),
1478 3684 1700 3793 predborio
1723 3684 1992 3795 subdapifero
2015 3687 2306 3775 Oracoviensi·

658 3802 761 3908 bus,
791 3802 989 3886 dohanne
1020 3799 1335 3885 Succamcrario
1368 3800 1695 3887 Sandomiriensi
1716 3800 1782 3915 (³),
1812 3805 1938 3890 Petro
1962 3804 2219 3892 Sandecensi
2240 3807 2308 3923 (⁰),

664 3919 873 4008 Stanislao
895 3920 1212 4037 Malogosticnsi
1233 3920 1288 4035 (¹)
1310 3920 1580 4039 Castellanis,
1597 3932 1645 4007 ,et
1664 3924 1757 4033 alijs
1776 3924 1969 4039 pluribus
1989 3925 2074 4010 fide
2096 3928 2248 4039 dignis.

615 4225 619 4237 ,
768 4154 807 4235 (²)
830 4154 1018 4247 Rodorzpra,
1050 4154 1149 4222 hodie
1179 4157 1336 4244 oppidum
1350 4157 1385 4223 in
1401 4156 1608 4247 Opocznensi
1636 4158 1812 4238 territorio,
1841 4159 1976 4251 regione
2006 4181 2087 4227 vcro
2109 4161 2309 4237 Koniccensi

666 4239 852 4326 (Kodskie).
876 4240 963 4309 Olim
978 4242 1214 4327 capitecensis,
1230 4252 1413 4309 starostwo.
1469 4274 1473 4281 ⁴
1658 4248 1683 4281 ¹¹
1764 4244 1767 4253 '
2061 4254 2069 4269 ‘
2249 4260 2255 4271 ·

628 4358 630 4365 v
768 4330 809 4410 (³)
830 4328 965 4411 Lcczno,
991 4350 1111 4424 parvus
1136 4327 1271 4403 rivulus,
1286 4330 1380 4413 cujus
1395 4330 1472 4396 fens
1485 4351 1589 4416 prope
1603 4328 1712 4394 villam
1733 4329 1878 4414 ejusdem
1904 4331 2055 4409 nominis,
2081 4332 2167 4400 ostia
2180 4355 2260 4401 vero
2275 4335 2308 4400 in

663 4410 763 4481 fluvio
781 4414 817 4477 K
814 4417 959 4480 amienuc
973 4411 1073 4477 dicto.

769 4499 808 4578 (⁴)
830 4499 1017 4595 Mazaeyor'ur
1032 4497 1073 4564 de
1090 4498 1237 4582 Kallion,
1252 4520 1306 4584 ap.
1320 4499 1413 4569 Hier.
1428 4498 1630 4582 sorbedulum
1643 4498 1861 4578 „Gerulum
1876 4525 1908 4569 w
1918 4494 2068 4587 Polsce‚”
2094 4502 2135 4570 T·
2147 4503 2190 4582 II,
2207 4505 2309 4594 privi⁶

664 4584 785 4671 legium
801 4593 938 4659 sextum,
955 4584 1096 4671 Mrcrzuq
1110 4583 1150 4648 de
1169 4582 1302 4651 Orsoua.
1650 4634 1653 4643 l

689 4680 694 4691 ’
769 4668 807 4748 (⁵)
829 4666 881 4732 De
897 4668 1133 4733 succamererin
1151 4666 1408 4737 sandomirien'si
1423 4670 1550 4739 Joanne
1566 4694 1674 4757 supra.

770 4755 809 4833 (θ)
831 4753 950 4818 Petrus
964 4750 1004 4817 de
1018 4752 1217 4842 Szczclrcriny.

771 4837 809 4917 (ἲ)
834 4835 1022 4915 sanisiaco,
1039 4837 1189 4916 Staszko,
1202 4842 1269 4940 jann
1282 4839 1344 4906 sub
1360 4862 1389 4905 a
1401 4842 1497 4926 1354,
1512 4841 1680 4929 legiturin
1693 4850 1812 4911 nostro
1834 4841 1962 4912 Codice
1979 4842 2075 4929 hujus
2090 4841 2199 4912 Tomi.
2220 4844 2311 4914 Eun·

553 4956 556 4963 >
667 4923 742 4997 dem
753 4922 789 4991 in
802 4921 910 4993 multis
923 4922 1103 5012 privilegiis
1117 4922 1308 4995 inventurus
