<?xml version="1.0" encoding="UTF-8"?>
<!DOCTYPE html PUBLIC "-//W3C//DTD XHTML 1.0 Transitional//EN"
    "http://www.w3.org/TR/xhtml1/DTD/xhtml1-transitional.dtd">
<html xmlns="http://www.w3.org/1999/xhtml" xml:lang="en" lang="en">
 <head>
  <title>
</title>
<meta http-equiv="Content-Type" content="text/html;charset=utf-8" />
  <meta name='ocr-system' content='tesseract 3.04.00' />
  <meta name='ocr-capabilities' content='ocr_page ocr_carea ocr_par ocr_line ocrx_word'/>
</head>
<body>
  <div class='ocr_page' id='page_1' title='image "./codexdiplomatic00bobogoog_0503.png"; bbox 0 0 5409 6309; ppageno 0'>
   <div class='ocr_carea' id='block_1_1' title="bbox 1057 823 1317 899">
    <p class='ocr_par' dir='ltr' id='par_1_1' title="bbox 1057 823 1317 899">
     <span class='ocr_line' id='line_1_1' title="bbox 1057 823 1317 899; baseline 0 -21"><span class='ocrx_word' id='word_1_1' title='bbox 1057 823 1317 899; x_wconf 74' lang='lat'>..443-</span> 
     </span>
    </p>
   </div>
   <div class='ocr_carea' id='block_1_2' title="bbox 338 1024 2020 3884">
    <p class='ocr_par' dir='ltr' id='par_1_2' title="bbox 338 1024 2020 3884">
     <span class='ocr_line' id='line_1_2' title="bbox 338 1024 2002 1140; baseline 0.004 -30"><span class='ocrx_word' id='word_1_2' title='bbox 338 1061 346 1068; x_wconf 95' lang='lat'>·</span> <span class='ocrx_word' id='word_1_3' title='bbox 368 1025 712 1140; x_wconf 89' lang='lat' dir='ltr'>quibuscumque</span> <span class='ocrx_word' id='word_1_4' title='bbox 732 1028 852 1112; x_wconf 88' lang='lat' dir='ltr'>terris</span> <span class='ocrx_word' id='word_1_5' title='bbox 873 1027 1110 1112; x_wconf 86' lang='lat' dir='ltr'>constitutis</span> <span class='ocrx_word' id='word_1_6' title='bbox 1140 1026 1391 1111; x_wconf 80' lang='lat' dir='ltr'><strong>mandamus</strong></span> <span class='ocrx_word' id='word_1_7' title='bbox 1426 1024 1697 1111; x_wconf 87' lang='lat' dir='ltr'>seriosissime</span> <span class='ocrx_word' id='word_1_8' title='bbox 1732 1029 2002 1140; x_wconf 76' lang='lat' dir='ltr'>precipiendo</span> 
     </span>
     <span class='ocr_line' id='line_1_3' title="bbox 364 1144 2016 1260; baseline 0.004 -31"><span class='ocrx_word' id='word_1_9' title='bbox 364 1155 576 1258; x_wconf 87' lang='lat' dir='ltr'>quatenus</span> <span class='ocrx_word' id='word_1_10' title='bbox 594 1145 803 1260; x_wconf 87' lang='lat' dir='ltr'>prefatum</span> <span class='ocrx_word' id='word_1_11' title='bbox 821 1145 1068 1250; x_wconf 84' lang='lat' dir='ltr'>Michaelem</span> <span class='ocrx_word' id='word_1_12' title='bbox 1088 1145 1305 1232; x_wconf 84' lang='lat' dir='ltr'>Abbatcm</span> <span class='ocrx_word' id='word_1_13' title='bbox 1321 1175 1373 1229; x_wconf 90' lang='lat' dir='ltr'>ac</span> <span class='ocrx_word' id='word_1_14' title='bbox 1394 1144 1483 1228; x_wconf 90' lang='lat' dir='ltr'>eius</span> <span class='ocrx_word' id='word_1_15' title='bbox 1499 1170 1764 1233; x_wconf 76' lang='lat' dir='ltr'><strong>successores</strong></span> <span class='ocrx_word' id='word_1_16' title='bbox 1779 1145 2016 1258; x_wconf 87' lang='lat' dir='ltr'>totumque&#39;</span> 
     </span>
     <span class='ocr_line' id='line_1_4' title="bbox 365 1264 2014 1379; baseline 0.005 -32"><span class='ocrx_word' id='word_1_17' title='bbox 365 1276 622 1351; x_wconf 85' lang='lat' dir='ltr'>conuentum</span> <span class='ocrx_word' id='word_1_18' title='bbox 642 1268 881 1353; x_wconf 88' lang='lat' dir='ltr'>monasterii</span> <span class='ocrx_word' id='word_1_19' title='bbox 900 1267 1089 1379; x_wconf 80' lang='lat' dir='ltr'>predicti,</span> <span class='ocrx_word' id='word_1_20' title='bbox 1120 1268 1299 1377; x_wconf 75' lang='lat' dir='ltr'>eiusque</span> <span class='ocrx_word' id='word_1_21' title='bbox 1331 1264 1569 1369; x_wconf 86' lang='lat' dir='ltr'>Ometones,</span> <span class='ocrx_word' id='word_1_22' title='bbox 1600 1265 1804 1372; x_wconf 89' lang='lat' dir='ltr'>homines,</span> <span class='ocrx_word' id='word_1_23' title='bbox 1838 1268 2014 1376; x_wconf 90' lang='lat' dir='ltr'>incolas,</span> 
     </span>
     <span class='ocr_line' id='line_1_5' title="bbox 365 1385 2015 1499; baseline 0.006 -33"><span class='ocrx_word' id='word_1_24' title='bbox 365 1391 410 1466; x_wconf 88' lang='lat' dir='ltr'>ct</span> <span class='ocrx_word' id='word_1_25' title='bbox 429 1412 699 1499; x_wconf 88' lang='lat' dir='ltr'>quocumque</span> <span class='ocrx_word' id='word_1_26' title='bbox 719 1387 844 1473; x_wconf 89' lang='lat' dir='ltr'>modo</span> <span class='ocrx_word' id='word_1_27' title='bbox 865 1388 1061 1472; x_wconf 90' lang='lat' dir='ltr'>subditos</span> <span class='ocrx_word' id='word_1_28' title='bbox 1082 1388 1265 1491; x_wconf 87' lang='lat' dir='ltr'>uisitare,</span> <span class='ocrx_word' id='word_1_29' title='bbox 1286 1386 1483 1489; x_wconf 88' lang='lat' dir='ltr'>iudicare,</span> <span class='ocrx_word' id='word_1_30' title='bbox 1505 1385 1664 1492; x_wconf 87' lang='lat' dir='ltr'>cittare,</span> <span class='ocrx_word' id='word_1_31' title='bbox 1686 1396 1729 1467; x_wconf 90' lang='lat' dir='ltr'>et</span> <span class='ocrx_word' id='word_1_32' title='bbox 1747 1391 2015 1496; x_wconf 88' lang='lat' dir='ltr'>procuracio-</span> 
     </span>
     <span class='ocr_line' id='line_1_6' title="bbox 365 1506 2014 1617; baseline 0.004 -32"><span class='ocrx_word' id='word_1_33' title='bbox 365 1531 440 1587; x_wconf 89' lang='lat' dir='ltr'>nes</span> <span class='ocrx_word' id='word_1_34' title='bbox 462 1513 713 1617; x_wconf 69' lang='lat' dir='ltr'>extorquere</span> <span class='ocrx_word' id='word_1_35' title='bbox 730 1506 847 1594; x_wconf 87' lang='lat' dir='ltr'>nulla</span> <span class='ocrx_word' id='word_1_36' title='bbox 863 1508 1033 1592; x_wconf 81' lang='lat' dir='ltr'>racione</span> <span class='ocrx_word' id='word_1_37' title='bbox 1067 1507 1330 1614; x_wconf 82' lang='lat' dir='ltr'>presumatis,</span> <span class='ocrx_word' id='word_1_38' title='bbox 1357 1511 1488 1615; x_wconf 88' lang='lat' dir='ltr'>prout</span> <span class='ocrx_word' id='word_1_39' title='bbox 1516 1506 1741 1604; x_wconf 76' lang='lat' dir='ltr'>maximam</span> <span class='ocrx_word' id='word_1_40' title='bbox 1760 1508 1803 1589; x_wconf 91' lang='lat' dir='ltr'>in</span> <span class='ocrx_word' id='word_1_41' title='bbox 1822 1535 1900 1592; x_wconf 88' lang='lat' dir='ltr'>uos</span> <span class='ocrx_word' id='word_1_42' title='bbox 1919 1511 2014 1592; x_wconf 89' lang='lat' dir='ltr'>uin·</span> 
     </span>
     <span class='ocr_line' id='line_1_7' title="bbox 366 1621 2016 1736; baseline 0.005 -31"><span class='ocrx_word' id='word_1_43' title='bbox 366 1621 522 1707; x_wconf 83' lang='lat' dir='ltr'>dictam</span> <span class='ocrx_word' id='word_1_44' title='bbox 543 1625 695 1736; x_wconf 85' lang='lat' dir='ltr'>cupitis</span> <span class='ocrx_word' id='word_1_45' title='bbox 716 1627 888 1709; x_wconf 86' lang='lat' dir='ltr'>euitare.</span> <span class='ocrx_word' id='word_1_46' title='bbox 921 1623 968 1711; x_wconf 86' lang='lat' dir='ltr'>Si</span> <span class='ocrx_word' id='word_1_47' title='bbox 988 1625 1063 1735; x_wconf 92' lang='lat' dir='ltr'>qui</span> <span class='ocrx_word' id='word_1_48' title='bbox 1083 1652 1184 1710; x_wconf 88' lang='lat' dir='ltr'>uero</span> <span class='ocrx_word' id='word_1_49' title='bbox 1220 1623 1464 1708; x_wconf 89' lang='lat' dir='ltr'>cmethones</span> <span class='ocrx_word' id='word_1_50' title='bbox 1501 1635 1544 1705; x_wconf 90' lang='lat' dir='ltr'>et</span> <span class='ocrx_word' id='word_1_51' title='bbox 1575 1623 1733 1707; x_wconf 82' lang='lat' dir='ltr'>subditi</span> <span class='ocrx_word' id='word_1_52' title='bbox 1768 1624 1936 1712; x_wconf 84' lang='lat' dir='ltr'>abbatis</span> <span class='ocrx_word' id='word_1_53' title='bbox 1972 1638 2016 1713; x_wconf 87' lang='lat' dir='ltr'>st</span> 
     </span>
     <span class='ocr_line' id='line_1_8' title="bbox 366 1742 2019 1852; baseline 0.005 -28"><span class='ocrx_word' id='word_1_54' title='bbox 366 1752 601 1827; x_wconf 83' lang='lat' dir='ltr'>conuentus</span> <span class='ocrx_word' id='word_1_55' title='bbox 641 1743 897 1830; x_wconf 86' lang='lat' dir='ltr'>videbuntur</span> <span class='ocrx_word' id='word_1_56' title='bbox 918 1771 1013 1828; x_wconf 88' lang='lat' dir='ltr'>esse</span> <span class='ocrx_word' id='word_1_57' title='bbox 1033 1742 1221 1848; x_wconf 85' lang='lat' dir='ltr'>infames,</span> <span class='ocrx_word' id='word_1_58' title='bbox 1244 1752 1317 1827; x_wconf 85' lang='lat' dir='ltr'>aut</span> <span class='ocrx_word' id='word_1_59' title='bbox 1336 1745 1380 1825; x_wconf 91' lang='lat' dir='ltr'>in</span> <span class='ocrx_word' id='word_1_60' title='bbox 1400 1742 1542 1852; x_wconf 88' lang='lat' dir='ltr'>aliquo</span> <span class='ocrx_word' id='word_1_61' title='bbox 1571 1744 1683 1827; x_wconf 91' lang='lat' dir='ltr'>uicio</span> <span class='ocrx_word' id='word_1_62' title='bbox 1704 1744 1905 1830; x_wconf 89' lang='lat' dir='ltr'>criminali</span> <span class='ocrx_word' id='word_1_63' title='bbox 1924 1773 2019 1832; x_wconf 82' lang='lat' dir='ltr'>sns-</span> 
     </span>
     <span class='ocr_line' id='line_1_9' title="bbox 366 1860 2018 1975; baseline 0.004 -31"><span class='ocrx_word' id='word_1_64' title='bbox 366 1864 494 1972; x_wconf 88' lang='lat' dir='ltr'>pecti,</span> <span class='ocrx_word' id='word_1_65' title='bbox 513 1865 628 1975; x_wconf 90' lang='lat' dir='ltr'>ipsos</span> <span class='ocrx_word' id='word_1_66' title='bbox 645 1872 720 1947; x_wconf 88' lang='lat' dir='ltr'>aut</span> <span class='ocrx_word' id='word_1_67' title='bbox 741 1865 928 1975; x_wconf 80' lang='lat' dir='ltr'>aliquem</span> <span class='ocrx_word' id='word_1_68' title='bbox 944 1864 1085 1947; x_wconf 86' lang='lat' dir='ltr'>taliter</span> <span class='ocrx_word' id='word_1_69' title='bbox 1107 1864 1159 1946; x_wconf 92' lang='lat' dir='ltr'>de</span> <span class='ocrx_word' id='word_1_70' title='bbox 1181 1863 1322 1974; x_wconf 88' lang='lat' dir='ltr'>aliquo</span> <span class='ocrx_word' id='word_1_71' title='bbox 1345 1862 1514 1944; x_wconf 88' lang='lat' dir='ltr'>crimine</span> <span class='ocrx_word' id='word_1_72' title='bbox 1535 1860 1795 1969; x_wconf 76' lang='lat' dir='ltr'>infamatum,</span> <span class='ocrx_word' id='word_1_73' title='bbox 1816 1863 2018 1973; x_wconf 74' lang='lat' dir='ltr'>procura·</span> 
     </span>
     <span class='ocr_line' id='line_1_10' title="bbox 364 1981 2018 2095; baseline 0.003 -31"><span class='ocrx_word' id='word_1_74' title='bbox 364 1982 446 2065; x_wconf 88' lang='lat' dir='ltr'>tori</span> <span class='ocrx_word' id='word_1_75' title='bbox 466 1991 509 2065; x_wconf 87' lang='lat' dir='ltr'>ct</span> <span class='ocrx_word' id='word_1_76' title='bbox 527 1986 736 2068; x_wconf 85' lang='lat' dir='ltr'>teuutario</span> <span class='ocrx_word' id='word_1_77' title='bbox 756 1983 963 2067; x_wconf 88' lang='lat' dir='ltr'>bonorum</span> <span class='ocrx_word' id='word_1_78' title='bbox 985 1982 1226 2067; x_wconf 87' lang='lat' dir='ltr'>eorumdem</span> <span class='ocrx_word' id='word_1_79' title='bbox 1249 1981 1511 2065; x_wconf 87' lang='lat' dir='ltr'>denuncietis</span> <span class='ocrx_word' id='word_1_80' title='bbox 1548 1991 1591 2065; x_wconf 88' lang='lat' dir='ltr'>ct</span> <span class='ocrx_word' id='word_1_81' title='bbox 1611 1985 1820 2067; x_wconf 88' lang='lat' dir='ltr'>accusetis</span> <span class='ocrx_word' id='word_1_82' title='bbox 1839 1988 2018 2095; x_wconf 90' lang='lat' dir='ltr'>punien-</span> 
     </span>
     <span class='ocr_line' id='line_1_11' title="bbox 367 2098 2016 2214; baseline 0.004 -31"><span class='ocrx_word' id='word_1_83' title='bbox 367 2101 480 2206; x_wconf 91' lang='lat' dir='ltr'>dum,</span> <span class='ocrx_word' id='word_1_84' title='bbox 502 2103 576 2211; x_wconf 93' lang='lat' dir='ltr'>qui</span> <span class='ocrx_word' id='word_1_85' title='bbox 595 2104 712 2187; x_wconf 84' lang='lat' dir='ltr'>iuxta</span> <span class='ocrx_word' id='word_1_86' title='bbox 732 2101 973 2188; x_wconf 90' lang='lat' dir='ltr'>huiusmodi</span> <span class='ocrx_word' id='word_1_87' title='bbox 995 2102 1134 2185; x_wconf 82' lang='lat' dir='ltr'>delicti</span> <span class='ocrx_word' id='word_1_88' title='bbox 1158 2103 1420 2214; x_wconf 82' lang='lat' dir='ltr'>exigenciam</span> <span class='ocrx_word' id='word_1_89' title='bbox 1457 2098 1620 2213; x_wconf 88' lang='lat' dir='ltr'>absque</span> <span class='ocrx_word' id='word_1_90' title='bbox 1655 2112 1798 2187; x_wconf 86' lang='lat' dir='ltr'>uestra</span> <span class='ocrx_word' id='word_1_91' title='bbox 1833 2111 1876 2186; x_wconf 85' lang='lat' dir='ltr'>et</span> <span class='ocrx_word' id='word_1_92' title='bbox 1897 2107 2016 2190; x_wconf 89' lang='lat' dir='ltr'>cuius</span> 
     </span>
     <span class='ocr_line' id='line_1_12' title="bbox 362 2216 2017 2335; baseline 0.002 -31"><span class='ocrx_word' id='word_1_93' title='bbox 362 2216 468 2304; x_wconf 89' lang='lat' dir='ltr'>libet</span> <span class='ocrx_word' id='word_1_94' title='bbox 487 2232 675 2307; x_wconf 89' lang='lat' dir='ltr'>vestrum</span> <span class='ocrx_word' id='word_1_95' title='bbox 694 2222 918 2335; x_wconf 86' lang='lat' dir='ltr'>presencia</span> <span class='ocrx_word' id='word_1_96' title='bbox 939 2249 1009 2306; x_wconf 90' lang='lat' dir='ltr'>eos</span> <span class='ocrx_word' id='word_1_97' title='bbox 1030 2221 1228 2325; x_wconf 84' lang='lat' dir='ltr'>iudicare,</span> <span class='ocrx_word' id='word_1_98' title='bbox 1263 2220 1413 2333; x_wconf 84' lang='lat' dir='ltr'>punire</span> <span class='ocrx_word' id='word_1_99' title='bbox 1449 2228 1492 2302; x_wconf 89' lang='lat' dir='ltr'>et</span> <span class='ocrx_word' id='word_1_100' title='bbox 1526 2222 1784 2306; x_wconf 88' lang='lat' dir='ltr'>sentenciare</span> <span class='ocrx_word' id='word_1_101' title='bbox 1820 2233 2017 2309; x_wconf 83' lang='lat' dir='ltr'>tenentur</span> 
     </span>
     <span class='ocr_line' id='line_1_13' title="bbox 364 2339 2018 2453; baseline 0.004 -30"><span class='ocrx_word' id='word_1_102' title='bbox 364 2339 599 2423; x_wconf 86' lang='lat' dir='ltr'>secundum</span> <span class='ocrx_word' id='word_1_103' title='bbox 619 2343 789 2428; x_wconf 90' lang='lat' dir='ltr'>modum</span> <span class='ocrx_word' id='word_1_104' title='bbox 812 2352 855 2424; x_wconf 88' lang='lat' dir='ltr'>et</span> <span class='ocrx_word' id='word_1_105' title='bbox 872 2351 1061 2425; x_wconf 85' lang='lat' dir='ltr'>tenorem</span> <span class='ocrx_word' id='word_1_106' title='bbox 1094 2341 1328 2424; x_wconf 86' lang='lat' dir='ltr'>litterarum</span> <span class='ocrx_word' id='word_1_107' title='bbox 1365 2348 1409 2422; x_wconf 84' lang='lat' dir='ltr'>et</span> <span class='ocrx_word' id='word_1_108' title='bbox 1427 2339 1741 2453; x_wconf 87' lang='lat' dir='ltr'>priuilegiorum</span> <span class='ocrx_word' id='word_1_109' title='bbox 1778 2343 1890 2428; x_wconf 90' lang='lat' dir='ltr'>dicto</span> <span class='ocrx_word' id='word_1_110' title='bbox 1926 2371 2018 2429; x_wconf 91' lang='lat' dir='ltr'>mo-</span> 
     </span>
     <span class='ocr_line' id='line_1_14' title="bbox 359 2459 2016 2571; baseline 0.005 -31"><span class='ocrx_word' id='word_1_111' title='bbox 359 2462 549 2544; x_wconf 83' lang='lat' dir='ltr'>nasterio</span> <span class='ocrx_word' id='word_1_112' title='bbox 572 2487 882 2567; x_wconf 74' lang='lat' dir='ltr'>concessorum,</span> <span class='ocrx_word' id='word_1_113' title='bbox 915 2460 950 2542; x_wconf 91' lang='lat' dir='ltr'>si</span> <span class='ocrx_word' id='word_1_114' title='bbox 971 2460 1076 2571; x_wconf 89' lang='lat' dir='ltr'>quid</span> <span class='ocrx_word' id='word_1_115' title='bbox 1097 2469 1240 2543; x_wconf 84' lang='lat' dir='ltr'>autem</span> <span class='ocrx_word' id='word_1_116' title='bbox 1258 2469 1405 2544; x_wconf 90' lang='lat' dir='ltr'>contra</span> <span class='ocrx_word' id='word_1_117' title='bbox 1425 2459 1628 2567; x_wconf 87' lang='lat' dir='ltr'>premissa</span> <span class='ocrx_word' id='word_1_118' title='bbox 1648 2469 1901 2549; x_wconf 87' lang='lat' dir='ltr'>attentatum</span> <span class='ocrx_word' id='word_1_119' title='bbox 1923 2462 2016 2548; x_wconf 89' lang='lat' dir='ltr'>fue·</span> 
     </span>
     <span class='ocr_line' id='line_1_15' title="bbox 364 2574 2015 2690; baseline 0.004 -30"><span class='ocrx_word' id='word_1_120' title='bbox 364 2578 420 2660; x_wconf 87' lang='lat' dir='ltr'>rit</span> <span class='ocrx_word' id='word_1_121' title='bbox 440 2578 484 2661; x_wconf 91' lang='lat' dir='ltr'>id</span> <span class='ocrx_word' id='word_1_122' title='bbox 504 2574 640 2662; x_wconf 81' lang='lat' dir='ltr'>totum</span> <span class='ocrx_word' id='word_1_123' title='bbox 660 2606 829 2663; x_wconf 88' lang='lat' dir='ltr'>cassum</span> <span class='ocrx_word' id='word_1_124' title='bbox 851 2588 894 2662; x_wconf 89' lang='lat' dir='ltr'>et</span> <span class='ocrx_word' id='word_1_125' title='bbox 913 2580 1037 2663; x_wconf 87' lang='lat' dir='ltr'>inane</span> <span class='ocrx_word' id='word_1_126' title='bbox 1058 2580 1250 2665; x_wconf 83' lang='lat' dir='ltr'>uolumus</span> <span class='ocrx_word' id='word_1_127' title='bbox 1270 2578 1469 2690; x_wconf 88' lang='lat' dir='ltr'>reputari.</span> <span class='ocrx_word' id='word_1_128' title='bbox 1512 2576 1710 2664; x_wconf 81' lang='lat' dir='ltr'>Ceterum</span> <span class='ocrx_word' id='word_1_129' title='bbox 1733 2581 1845 2667; x_wconf 87' lang='lat' dir='ltr'>dicto</span> <span class='ocrx_word' id='word_1_130' title='bbox 1869 2581 2015 2669; x_wconf 83' lang='lat' dir='ltr'>abbati</span> 
     </span>
     <span class='ocr_line' id='line_1_16' title="bbox 364 2698 2018 2814; baseline 0.007 -36"><span class='ocrx_word' id='word_1_131' title='bbox 364 2704 408 2779; x_wconf 86' lang='lat' dir='ltr'>et</span> <span class='ocrx_word' id='word_1_132' title='bbox 427 2698 513 2781; x_wconf 89' lang='lat' dir='ltr'>suis</span> <span class='ocrx_word' id='word_1_133' title='bbox 534 2698 850 2784; x_wconf 87' lang='lat' dir='ltr'>successoribus</span> <span class='ocrx_word' id='word_1_134' title='bbox 872 2700 1037 2808; x_wconf 85' lang='lat' dir='ltr'>totique</span> <span class='ocrx_word' id='word_1_135' title='bbox 1060 2700 1288 2802; x_wconf 83' lang='lat' dir='ltr'>conuentui</span> <span class='ocrx_word' id='word_1_136' title='bbox 1323 2729 1375 2783; x_wconf 89' lang='lat' dir='ltr'>ac</span> <span class='ocrx_word' id='word_1_137' title='bbox 1408 2698 1601 2782; x_wconf 88' lang='lat' dir='ltr'>omnibus</span> <span class='ocrx_word' id='word_1_138' title='bbox 1637 2710 1682 2782; x_wconf 85' lang='lat' dir='ltr'>et</span> <span class='ocrx_word' id='word_1_139' title='bbox 1708 2700 1883 2814; x_wconf 86' lang='lat' dir='ltr'>singulis</span> <span class='ocrx_word' id='word_1_140' title='bbox 1904 2705 2018 2813; x_wconf 92' lang='lat' dir='ltr'>ipso·</span> 
     </span>
     <span class='ocr_line' id='line_1_17' title="bbox 363 2816 2017 2934; baseline 0.003 -33"><span class='ocrx_word' id='word_1_141' title='bbox 363 2845 457 2901; x_wconf 90' lang='lat' dir='ltr'>rum</span> <span class='ocrx_word' id='word_1_142' title='bbox 477 2818 712 2927; x_wconf 88' lang='lat' dir='ltr'>oppidanis,</span> <span class='ocrx_word' id='word_1_143' title='bbox 733 2816 1010 2920; x_wconf 87' lang='lat' dir='ltr'>cmetonibus,</span> <span class='ocrx_word' id='word_1_144' title='bbox 1030 2817 1207 2920; x_wconf 89' lang='lat' dir='ltr'>uillanis,</span> <span class='ocrx_word' id='word_1_145' title='bbox 1229 2826 1271 2900; x_wconf 91' lang='lat' dir='ltr'>et</span> <span class='ocrx_word' id='word_1_146' title='bbox 1286 2817 1447 2921; x_wconf 88' lang='lat' dir='ltr'>incolis,</span> <span class='ocrx_word' id='word_1_147' title='bbox 1470 2844 1520 2900; x_wconf 81' lang='lat' dir='ltr'>ex</span> <span class='ocrx_word' id='word_1_148' title='bbox 1543 2827 1687 2901; x_wconf 86' lang='lat' dir='ltr'>nostra</span> <span class='ocrx_word' id='word_1_149' title='bbox 1723 2822 1895 2929; x_wconf 85' lang='lat' dir='ltr'>speciali</span> <span class='ocrx_word' id='word_1_150' title='bbox 1916 2851 2017 2934; x_wconf 81' lang='lat' dir='ltr'>gra-.-</span> 
     </span>
     <span class='ocr_line' id='line_1_18' title="bbox 367 2934 2016 3048; baseline 0.003 -29"><span class='ocrx_word' id='word_1_151' title='bbox 367 2937 444 3041; x_wconf 85' lang='lat' dir='ltr'>cia,</span> <span class='ocrx_word' id='word_1_152' title='bbox 465 2964 594 3048; x_wconf 88' lang='lat' dir='ltr'>quam</span> <span class='ocrx_word' id='word_1_153' title='bbox 616 2937 775 3020; x_wconf 87' lang='lat' dir='ltr'>dictum</span> <span class='ocrx_word' id='word_1_154' title='bbox 806 2938 1105 3022; x_wconf 85' lang='lat' dir='ltr'>monasterium</span> <span class='ocrx_word' id='word_1_155' title='bbox 1147 2938 1333 3048; x_wconf 87' lang='lat' dir='ltr'>gerimus</span> <span class='ocrx_word' id='word_1_156' title='bbox 1370 2934 1642 3019; x_wconf 89' lang='lat' dir='ltr'>concedimus</span> <span class='ocrx_word' id='word_1_157' title='bbox 1684 2945 1729 3018; x_wconf 85' lang='lat' dir='ltr'>et</span> <span class='ocrx_word' id='word_1_158' title='bbox 1769 2939 1917 3022; x_wconf 88' lang='lat' dir='ltr'>damus</span> <span class='ocrx_word' id='word_1_159' title='bbox 1939 2968 2016 3024; x_wconf 91' lang='lat' dir='ltr'>no·</span> 
     </span>
     <span class='ocr_line' id='line_1_19' title="bbox 366 3052 2017 3170; baseline 0.001 -31"><span class='ocrx_word' id='word_1_160' title='bbox 366 3066 496 3139; x_wconf 84' lang='lat' dir='ltr'>stram</span> <span class='ocrx_word' id='word_1_161' title='bbox 518 3055 724 3167; x_wconf 83' lang='lat' dir='ltr'>Regalem</span> <span class='ocrx_word' id='word_1_162' title='bbox 745 3053 944 3139; x_wconf 84' lang='lat' dir='ltr'>forestam</span> <span class='ocrx_word' id='word_1_163' title='bbox 966 3055 1069 3137; x_wconf 86' lang='lat' dir='ltr'>alias</span> <span class='ocrx_word' id='word_1_164' title='bbox 1105 3054 1224 3136; x_wconf 81' lang='lat' dir='ltr'>obora</span> <span class='ocrx_word' id='word_1_165' title='bbox 1252 3054 1356 3138; x_wconf 86' lang='lat' dir='ltr'>itam</span> <span class='ocrx_word' id='word_1_166' title='bbox 1380 3052 1477 3170; x_wconf 86' lang='lat' dir='ltr'>(sie)</span> <span class='ocrx_word' id='word_1_167' title='bbox 1502 3052 1602 3137; x_wconf 88' lang='lat' dir='ltr'>dum</span> <span class='ocrx_word' id='word_1_168' title='bbox 1625 3063 1667 3137; x_wconf 83' lang='lat' dir='ltr'>et</span> <span class='ocrx_word' id='word_1_169' title='bbox 1689 3057 1863 3163; x_wconf 89' lang='lat' dir='ltr'>quando</span> <span class='ocrx_word' id='word_1_170' title='bbox 1884 3085 2017 3169; x_wconf 86' lang='lat' dir='ltr'>pecu·</span> 
     </span>
     <span class='ocr_line' id='line_1_20' title="bbox 366 3171 2020 3285; baseline 0.001 -27"><span class='ocrx_word' id='word_1_171' title='bbox 366 3175 440 3258; x_wconf 88' lang='lat' dir='ltr'>des</span> <span class='ocrx_word' id='word_1_172' title='bbox 476 3179 519 3255; x_wconf 89' lang='lat' dir='ltr'>et</span> <span class='ocrx_word' id='word_1_173' title='bbox 548 3201 704 3285; x_wconf 87' lang='lat' dir='ltr'>pecora</span> <span class='ocrx_word' id='word_1_174' title='bbox 739 3184 914 3258; x_wconf 85' lang='lat' dir='ltr'>autres</span> <span class='ocrx_word' id='word_1_175' title='bbox 953 3174 1056 3258; x_wconf 87' lang='lat' dir='ltr'>alias</span> <span class='ocrx_word' id='word_1_176' title='bbox 1094 3176 1138 3256; x_wconf 91' lang='lat' dir='ltr'>in</span> <span class='ocrx_word' id='word_1_177' title='bbox 1180 3174 1266 3255; x_wconf 89' lang='lat' dir='ltr'>suis</span> <span class='ocrx_word' id='word_1_178' title='bbox 1307 3174 1470 3257; x_wconf 88' lang='lat' dir='ltr'>damnis</span> <span class='ocrx_word' id='word_1_179' title='bbox 1501 3174 1739 3282; x_wconf 86' lang='lat' dir='ltr'>receperint</span> <span class='ocrx_word' id='word_1_180' title='bbox 1777 3185 1821 3259; x_wconf 89' lang='lat' dir='ltr'>et</span> <span class='ocrx_word' id='word_1_181' title='bbox 1858 3171 2020 3265; x_wconf 80' lang='lat' dir='ltr'>aresta·</span> 
     </span>
     <span class='ocr_line' id='line_1_21' title="bbox 362 3289 2017 3404; baseline 0.002 -27"><span class='ocrx_word' id='word_1_182' title='bbox 362 3296 511 3399; x_wconf 88' lang='lat' dir='ltr'>uerint,</span> <span class='ocrx_word' id='word_1_183' title='bbox 534 3321 585 3376; x_wconf 90' lang='lat' dir='ltr'>ca</span> <span class='ocrx_word' id='word_1_184' title='bbox 606 3294 661 3379; x_wconf 87' lang='lat' dir='ltr'>ad</span> <span class='ocrx_word' id='word_1_185' title='bbox 683 3295 841 3377; x_wconf 88' lang='lat' dir='ltr'>curiam</span> <span class='ocrx_word' id='word_1_186' title='bbox 862 3293 1045 3377; x_wconf 88' lang='lat' dir='ltr'>uicinam</span> <span class='ocrx_word' id='word_1_187' title='bbox 1083 3293 1184 3392; x_wconf 84' lang='lat' dir='ltr'>dicti</span> <span class='ocrx_word' id='word_1_188' title='bbox 1215 3291 1355 3375; x_wconf 90' lang='lat' dir='ltr'>damni</span> <span class='ocrx_word' id='word_1_189' title='bbox 1384 3289 1641 3404; x_wconf 86' lang='lat' dir='ltr'>prefatorum</span> <span class='ocrx_word' id='word_1_190' title='bbox 1662 3291 1831 3379; x_wconf 89' lang='lat' dir='ltr'>abbatis</span> <span class='ocrx_word' id='word_1_191' title='bbox 1853 3308 1897 3381; x_wconf 84' lang='lat' dir='ltr'>et</span> <span class='ocrx_word' id='word_1_192' title='bbox 1916 3324 2017 3381; x_wconf 90' lang='lat' dir='ltr'>con·</span> 
     </span>
     <span class='ocr_line' id='line_1_22' title="bbox 363 3411 2017 3526; baseline 0.002 -28"><span class='ocrx_word' id='word_1_193' title='bbox 363 3421 517 3498; x_wconf 85' lang='lat' dir='ltr'>uentus</span> <span class='ocrx_word' id='word_1_194' title='bbox 550 3413 706 3526; x_wconf 89' lang='lat' dir='ltr'>pellere</span> <span class='ocrx_word' id='word_1_195' title='bbox 742 3423 785 3496; x_wconf 83' lang='lat' dir='ltr'>st</span> <span class='ocrx_word' id='word_1_196' title='bbox 805 3411 906 3496; x_wconf 90' lang='lat' dir='ltr'>dare</span> <span class='ocrx_word' id='word_1_197' title='bbox 942 3413 1106 3521; x_wconf 89' lang='lat' dir='ltr'>possint</span> <span class='ocrx_word' id='word_1_198' title='bbox 1141 3439 1191 3496; x_wconf 87' lang='lat' dir='ltr'>eo</span> <span class='ocrx_word' id='word_1_199' title='bbox 1220 3412 1310 3495; x_wconf 90' lang='lat' dir='ltr'>iure</span> <span class='ocrx_word' id='word_1_200' title='bbox 1333 3438 1419 3522; x_wconf 89' lang='lat' dir='ltr'>quc</span> <span class='ocrx_word' id='word_1_201' title='bbox 1440 3413 1497 3495; x_wconf 89' lang='lat' dir='ltr'>ad</span> <span class='ocrx_word' id='word_1_202' title='bbox 1516 3420 1659 3498; x_wconf 85' lang='lat' dir='ltr'>castra</span> <span class='ocrx_word' id='word_1_203' title='bbox 1693 3424 1840 3500; x_wconf 86' lang='lat' dir='ltr'>nostra</span> <span class='ocrx_word' id='word_1_204' title='bbox 1874 3417 2017 3502; x_wconf 85' lang='lat' dir='ltr'>uicina</span> 
     </span>
     <span class='ocr_line' id='line_1_23' title="bbox 364 3528 2018 3645; baseline 0.002 -29"><span class='ocrx_word' id='word_1_205' title='bbox 364 3531 464 3645; x_wconf 88' lang='lat' dir='ltr'>pelli</span> <span class='ocrx_word' id='word_1_206' title='bbox 486 3541 528 3616; x_wconf 87' lang='lat' dir='ltr'>et</span> <span class='ocrx_word' id='word_1_207' title='bbox 549 3533 639 3617; x_wconf 86' lang='lat' dir='ltr'>dari</span> <span class='ocrx_word' id='word_1_208' title='bbox 668 3529 884 3616; x_wconf 85' lang='lat' dir='ltr'>deberent.</span> <span class='ocrx_word' id='word_1_209' title='bbox 940 3531 1098 3615; x_wconf 89' lang='lat' dir='ltr'>Datum</span> <span class='ocrx_word' id='word_1_210' title='bbox 1135 3533 1178 3613; x_wconf 92' lang='lat' dir='ltr'>in</span> <span class='ocrx_word' id='word_1_211' title='bbox 1214 3528 1430 3613; x_wconf 79' lang='lat' dir='ltr'>Piotrlcoun</span> <span class='ocrx_word' id='word_1_212' title='bbox 1460 3530 1565 3616; x_wconf 87' lang='lat' dir='ltr'>feria</span> <span class='ocrx_word' id='word_1_213' title='bbox 1599 3534 1788 3617; x_wconf 88' lang='lat' dir='ltr'>secunda</span> <span class='ocrx_word' id='word_1_214' title='bbox 1828 3537 2018 3645; x_wconf 84' lang='lat' dir='ltr'>proxima</span> 
     </span>
     <span class='ocr_line' id='line_1_24' title="bbox 364 3649 2017 3768; baseline 0 -29"><span class='ocrx_word' id='word_1_215' title='bbox 364 3661 464 3766; x_wconf 86' lang='lat' dir='ltr'>post</span> <span class='ocrx_word' id='word_1_216' title='bbox 504 3650 658 3736; x_wconf 89' lang='lat' dir='ltr'>festum</span> <span class='ocrx_word' id='word_1_217' title='bbox 699 3651 836 3736; x_wconf 88' lang='lat' dir='ltr'>sancti</span> <span class='ocrx_word' id='word_1_218' title='bbox 865 3650 985 3734; x_wconf 89' lang='lat' dir='ltr'>Luce</span> <span class='ocrx_word' id='word_1_219' title='bbox 1017 3649 1302 3768; x_wconf 77' lang='lat' dir='ltr'>euangelista,</span> <span class='ocrx_word' id='word_1_220' title='bbox 1341 3678 1451 3736; x_wconf 87' lang='lat' dir='ltr'>anno</span> <span class='ocrx_word' id='word_1_221' title='bbox 1481 3651 1697 3738; x_wconf 88' lang='lat' dir='ltr'>millesimo</span> <span class='ocrx_word' id='word_1_222' title='bbox 1730 3655 2017 3768; x_wconf 84' lang='lat' dir='ltr'>quadringen-</span> 
     </span>
     <span class='ocr_line' id='line_1_25' title="bbox 365 3768 1639 3884; baseline 0.001 -29"><span class='ocrx_word' id='word_1_223' title='bbox 365 3776 516 3859; x_wconf 85' lang='lat' dir='ltr'>tesimo</span> <span class='ocrx_word' id='word_1_224' title='bbox 548 3771 811 3884; x_wconf 84' lang='lat' dir='ltr'>sexagesimo</span> <span class='ocrx_word' id='word_1_225' title='bbox 833 3779 998 3884; x_wconf 81' lang='lat' dir='ltr'>quarto,</span> <span class='ocrx_word' id='word_1_226' title='bbox 1029 3769 1166 3881; x_wconf 86' lang='lat' dir='ltr'>sigillo</span> <span class='ocrx_word' id='word_1_227' title='bbox 1188 3779 1332 3856; x_wconf 90' lang='lat' dir='ltr'>nostro</span> <span class='ocrx_word' id='word_1_228' title='bbox 1353 3768 1639 3881; x_wconf 81' lang='lat' dir='ltr'>subappenso.</span> 
     </span>
    </p>
   </div>
   <div class='ocr_carea' id='block_1_3' title="bbox 1046 4004 2020 4450">
    <p class='ocr_par' dir='ltr' id='par_1_3' title="bbox 1046 4004 2020 4450">
     <span class='ocr_line' id='line_1_26' title="bbox 1093 4004 2020 4122; baseline 0.003 -31"><span class='ocrx_word' id='word_1_229' title='bbox 1093 4004 1163 4091; x_wconf 86' lang='lat' dir='ltr'>Ad</span> <span class='ocrx_word' id='word_1_230' title='bbox 1206 4006 1459 4107; x_wconf 89' lang='lat' dir='ltr'>relacionem</span> <span class='ocrx_word' id='word_1_231' title='bbox 1505 4005 1742 4104; x_wconf 86' lang='lat' dir='ltr'>Reuereudi</span> <span class='ocrx_word' id='word_1_232' title='bbox 1775 4012 1908 4122; x_wconf 86' lang='lat' dir='ltr'>patris</span> <span class='ocrx_word' id='word_1_233' title='bbox 1944 4009 2020 4118; x_wconf 77' lang='lat' dir='ltr'>dc-</span> 
     </span>
     <span class='ocr_line' id='line_1_27' title="bbox 1046 4123 2020 4241; baseline 0.005 -31"><span class='ocrx_word' id='word_1_234' title='bbox 1046 4126 1148 4210; x_wconf 85' lang='lat' dir='ltr'>mini</span> <span class='ocrx_word' id='word_1_235' title='bbox 1179 4123 1356 4212; x_wconf 82' lang='lat' dir='ltr'>Joanuis</span> <span class='ocrx_word' id='word_1_236' title='bbox 1379 4127 1448 4211; x_wconf 85' lang='lat' dir='ltr'>dei</span> <span class='ocrx_word' id='word_1_237' title='bbox 1468 4127 1615 4238; x_wconf 87' lang='lat' dir='ltr'>gracia</span> <span class='ocrx_word' id='word_1_238' title='bbox 1627 4128 1829 4241; x_wconf 83' lang='lat' dir='ltr'>Episcopi</span> <span class='ocrx_word' id='word_1_239' title='bbox 1861 4127 2020 4216; x_wconf 79' lang='lat' dir='ltr'>craco-</span> 
     </span>
     <span class='ocr_line' id='line_1_28' title="bbox 1048 4244 2017 4364; baseline 0.005 -36"><span class='ocrx_word' id='word_1_240' title='bbox 1048 4245 1205 4328; x_wconf 89' lang='lat' dir='ltr'>uicnsis</span> <span class='ocrx_word' id='word_1_241' title='bbox 1226 4245 1427 4355; x_wconf 74' lang='lat' dir='ltr'>postrdati</span> <span class='ocrx_word' id='word_1_242' title='bbox 1447 4244 1710 4336; x_wconf 86' lang='lat' dir='ltr'>Gneznensis</span> <span class='ocrx_word' id='word_1_243' title='bbox 1732 4248 1871 4364; x_wconf 85' lang='lat' dir='ltr'>Regni</span> <span class='ocrx_word' id='word_1_244' title='bbox 1892 4246 2017 4335; x_wconf 91' lang='lat' dir='ltr'>Polo·</span> 
     </span>
     <span class='ocr_line' id='line_1_29' title="bbox 1048 4362 1399 4450; baseline 0.009 -3"><span class='ocrx_word' id='word_1_245' title='bbox 1048 4366 1115 4449; x_wconf 91' lang='lat' dir='ltr'>nie</span> <span class='ocrx_word' id='word_1_246' title='bbox 1138 4362 1399 4450; x_wconf 82' lang='lat' dir='ltr'>Cancellarii.</span> 
     </span>
    </p>
   </div>
   <div class='ocr_carea' id='block_1_4' title="bbox 0 0 2713 6308">
    <p class='ocr_par' dir='ltr' id='par_1_4' title="bbox 0 0 2713 6308">
     <span class='ocr_line' id='line_1_30' title="bbox 0 0 2713 6308; baseline 0 0"><span class='ocrx_word' id='word_1_247' title='bbox 0 0 2713 6308; x_wconf 95' lang='lat' dir='ltr'> </span> 
     </span>
    </p>
   </div>
  </div>
 </body>
</html>
