5409 6309
1002 860 1274 937 -ur-
1366 814 1369 817 ’

1012 1234 1245 1401 'osus

504 1520 507 1531 ’
577 1536 1031 1628 onocoetae-2⁰
1046 1538 1370 1624 Decembris
1394 1533 1526 1624 1³22
1540 1454 1708 1623 breno.

314 1760 533 1835 &canule
548 1761 586 1836 te
602 1763 764 1854 Madame
776 1760 936 1836 mulin!
952 1758 1324 1946 malppmtatpqcuto
1337 1776 1431 1833 ou
1443 1754 1631 1832 mutuo
1645 1755 1799 1832 inormi
1812 1774 1966 1852 m,

713 1916 716 1923 ,
1087 1881 1141 1938 m
1253 1909 1262 1928 .

417 2038 508 2125 Nos
528 2037 560 2124 J
562 2065 719 2125 oannes
741 2038 1011 2126 Castellanus
1035 2037 1326 2127 Oracoviensis
1348 2032 1403 2150 (¹)
1433 2036 1780 2146 recognoscimus
1807 2037 1966 2148 quibus

319 2159 488 2267 expedit
506 2160 707 2243 universis
727 2158 1057 2245 Honorabilibus
1080 2187 1132 2241 ac
1151 2157 1377 2268 Religiosis
1398 2157 1497 2241 viris
1518 2154 1698 2239 Domino
1720 2155 1895 2241 Alberto
1912 2155 1967 2272 (³)

317 2274 479 2362 Abbati
513 2285 690 2386 totoque
723 2277 959 2364 conventui
978 2278 1221 2387 Monostery
1243 2275 1507 2384 Tynecensis
1530 2271 1697 2358 Ordinis
1720 2272 1810 2359 Soti
1829 2276 1968 2361 Bene-

320 2395 421 2479 dicti
442 2423 570 2507 super
590 2396 892 2481 haereditatem
914 2398 1069 2479 dictam
1091 2395 1229 2481 Zdouo
1255 2398 1368 2493 circa
1386 2394 1560 2479 fluvium
1580 2392 1766 2476 Darnaiec
1784 2397 1970 2481 locatam

317 2511 616 2628 Quadraginta
635 2542 799 2600 marcas
820 2543 1063 2630 grossorum
1082 2516 1361 2628 Pragensium
1381 2514 1661 2615 concessisse,
1685 2509 1873 2599 Oeneum
1895 2544 1972 2598 au-

318 2648 406 2718 tem
427 2631 481 2720 ob
497 2634 727 2719 remedium
749 2635 895 2720 salutis
916 2644 1087 2727 nostrae
1108 2635 1298 2748 quolibet
1318 2660 1429 2716 anno
1445 2660 1572 2743 super
1587 2632 1758 2716 casdem
1775 2631 1972 2737 Quadra·

320 2752 439 2865 ginta
477 2748 644 2839 Marcus
678 2754 837 2839 eisdem
866 2752 1058 2855 Dominis
1089 2754 1271 2839 Domino
1304 2751 1463 2837 Abbati
1484 2761 1527 2835 et
1546 2778 1624 2837 suo
1656 2750 1897 2841 Conventui
1918 2754 1971 2839 de

321 2871 471 2957 eadem
490 2873 751 2979 haereditate
773 2874 887 2957 dicta
907 2871 1081 2974 Manio,
1123 2897 1252 2981 quem
1286 2871 1564 2982 percipiemus
1594 2873 1875 2981 promittimus
1897 2873 1973 2958 de-

320 2990 494 3097 falcare,
530 3001 573 3075 et
605 2993 780 3077 eandem
815 2992 1120 3075 haereditatem
1155 2989 1316 3075 tamdiu
1351 2989 1585 3072 tenebimus
1620 2990 1665 3070 in
1701 2990 1973 3103 obligatione,

322 3138 547 3225 quousque
559 3106 854 3223 Quadraginta
873 3106 1040 3194 Marcas
1063 3110 1114 3192 de
1135 3106 1526 3217 pecuniaOensuali
1548 3107 1600 3189 de
1622 3108 1736 3192 dicta
1756 3110 1856 3194 villa
1875 3140 1974 3220 per·

323 3231 544 3339 cipicmus,
564 3229 776 3342 perceptis
798 3258 850 3314 ex
868 3231 1033 3343 integro
1055 3228 1107 3310 de
1129 3229 1274 3316 Censu
1296 3223 1593 3340 Quadraginta
1613 3229 1787 3334 marcis,
1817 3241 1974 3315 extunc

322 3348 447 3433 dictis
467 3345 658 3433 Dominis
678 3349 983 3431 haereditatem
1003 3351 1188 3459 ipsorum
1217 3348 1577 3457 praenominatam
1599 3349 1690 3430 sine
1710 3348 1823 3432 omni
1842 3379 1975 3462 pecu·

322 3469 393 3551 nia
410 3468 631 3551 restituere
653 3468 741 3550 sine
763 3467 953 3589 qualibet
986 3468 1181 3551 dilatione
1202 3494 1280 3550 nos
1302 3465 1553 3579 obligamus.
1605 3464 1651 3550 Si
1672 3476 1815 3551 autem
1837 3471 1974 3554 dictus

322 3586 527 3672 Dominus
558 3584 758 3671 Albertus
788 3582 938 3670 Abbas
960 3613 1056 3668 cum
1077 3613 1154 3670 suo
1177 3586 1403 3673 Conventu
1432 3584 1740 3669 haereditatem
1771 3615 1976 3700 saepeno-

323 3707 526 3790 minatam
558 3714 787 3818 antequam
819 3701 1114 3817 Quadraginta
1143 3732 1308 3790 marcas
1332 3705 1384 3788 de
1405 3706 1585 3816 pecunia
1622 3704 1820 3791 Censuali
1839 3711 1977 3819 perci-

324 3825 508 3935 piemus,
537 3824 745 3909 voluerint
773 3825 997 3931 redimere,
1025 3833 1129 3907 tunc
1161 3821 1372 3909 defalcata
1389 3826 1571 3934 pecunia
1593 3822 1814 3934 censuali,
1846 3855 1977 3937 quam

325 3946 604 4058 percipiemus
634 3944 845 4027 residuam
874 3952 1039 4054 partem
1069 3946 1274 4054 pecuniae
1305 3942 1651 4028 accommodatae
1670 3945 1793 4030 nobis
1815 3948 1977 4032 solvere

326 4064 410 4147 sint
430 4062 590 4145 astricti
612 4062 663 4145 de
683 4061 947 4146 haereditate
968 4090 1013 4146 se
1034 4065 1370 4147 intromittentes.
1402 4062 1452 4148 In
1473 4063 1592 4145 euius
1613 4065 1674 4146 rei
1693 4065 1978 4151 testimonium

331 4208 383 4267 ac
405 4179 659 4265 evidentiam
689 4180 903 4266 clariorem
935 4191 1179 4293 praesentes
1209 4193 1352 4266 nostro
1384 4180 1530 4293 Sigillo
1559 4181 1757 4267 iussimus
1777 4187 1976 4275 roborari.

327 4301 482 4386 Actum
504 4308 547 4382 et
565 4297 725 4384 Datum
747 4295 957 4419 Crocouioe
977 4300 1101 4383 Faria
1122 4308 1241 4385 sexta
1261 4298 1369 4382 infra
1388 4312 1562 4385 octavas
1591 4302 1832 4388 Natiuitatis
1855 4303 1978 4390 Obri-

267 4524 269 4531 !
328 4422 396 4507 sti.
426 4418 549 4503 Anno
581 4448 608 4500 a
627 4418 859 4504 Nativitate
889 4416 1059 4503 Domini
1089 4416 1145 4502 M.
1169 4416 1297 4504 000.
1318 4416 1540 4506 LXXVII.
1590 4421 1889 4506 Praesentibus
1910 4425 1975 4509 his

327 4540 519 4625 testibus:
553 4534 752 4651 Spitcone
782 4537 890 4624 Filio
921 4548 1084 4643 nostro,
1113 4538 1288 4623 Nicolao
1318 4537 1504 4622 haerede
1525 4540 1576 4622 de
1599 4539 1784 4645 Barcini,
1807 4542 1977 4629 Simone

435 4775 474 4857 (¹)
496 4771 726 4862 Apographon
740 4795 760 4838 a
772 4771 993 4859 Dcpkowscio
1007 4770 1193 4855 habuimus,
1212 4773 1282 4839 sine
1298 4770 1372 4839 ullis
1387 4773 1662 4843 annotationibus.

435 4860 474 4941 (²)
496 4858 642 4927 Joannes
658 4857 698 4925 de
715 4859 889 4946 Miebztya
905 4855 990 4924 filios
1006 4857 1170 4944 Spicimin'
1185 4857 1353 4957 castellani
1368 4857 1607 4943 cracoviensis,
1626 4862 1666 4925 dc
1682 4880 1747 4946 quo
1759 4864 1826 4948 jam
1841 4862 1979 4933 diximus

332 4968 474 5114 'apuli
496 5027 663 5108 albertus,
678 5026 817 5116 insignis
836 5028 950 5119 Topos,
964 5027 1066 5096 abbae
1082 5029 1261 5096 secundum
1276 5029 1564 5119 Szczygielscium,
1578 5030 1641 5096 suit
1656 5033 1875 5101 a.1aso-so
