5409 6309
1348 839 1405 900 ...·
1454 802 1523 920 ηρ
1577 839 1626 862 ...

555 1019 566 1030 '
645 991 873 1099 approbamus
888 1012 1099 1077 ratifficamus
1115 995 1297 1088 tenoreque
1312 1004 1524 1090 presencium
1539 1004 1772 1084 confirmamus
1787 1012 1858 1068 ratu
1873 1011 1970 1090 grata
1990 1002 2152 1072 habentes
2168 1005 2250 1089 (sic)
2264 999 2324 1076 de·

650 1109 824 1164 cernentes
854 1099 961 1181 ipsum
980 1100 1014 1161 in
1030 1095 1182 1160 omnibus
1198 1092 1268 1161 suis
1284 1088 1540 1156 condicionibus
1563 1089 1718 1156 clausulis
1733 1089 1866 1176 punctis
1882 1098 1915 1152 et
1928 1088 2076 1156 articulis
2092 1090 2195 1156 robur
2209 1104 2243 1159 et
2258 1096 2325 1159 vim

560 1181 569 1194 ⁸
649 1182 801 1248 obtinere
816 1191 976 1267 perpetue
992 1180 1156 1245 firmitatis
1171 1178 1285 1242 harum
1303 1176 1422 1258 quibus
1439 1173 1591 1262 Sigillum
1606 1179 1757 1241 nostrum
1771 1195 1954 1273 appensum
1969 1184 2022 1239 est
2035 1176 2235 1244 testimoniis
2249 1179 2324 1245 lite·

650 1269 758 1331 rar'um
785 1267 905 1336 Actum
920 1267 955 1330 in
970 1266 1072 1332 Nowa
1100 1266 1229 1329 Ciuitate
1254 1263 1336 1324 feria
1362 1261 1477 1343 quinta
1491 1270 1571 1345 post
1583 1261 1702 1326 festum
1719 1268 1825 1326 sancti
1840 1257 2068 1334 Bar-tholomei
2081 1262 2182 1327 Anno
2199 1263 2324 1328 domini

649 1350 825 1417 Millesimo
842 1350 1170 1437 quadringentesimo
1187 1345 1349 1431 vigesimo
1367 1355 1486 1409 octavo
1503 1344 1713 1429 presentibus
1727 1343 1924 1412 Reuerendo
1940 1352 1974 1407 et
1989 1345 2178 1430 Magnificis
2193 1346 2322 1412 Nobili·

632 1435 710 1516 bus
728 1434 930 1523 SbygneoE
955 1436 1074 1518 iscopo
1091 1431 1328 1516 Cracowyensi
1340 1429 1492 1496 dohanne
1509 1428 1549 1493 de
1566 1431 1699 1495 Tarnow
1714 1428 1932 1498 Craooricnsi
1946 1426 2085 1494 Nicolno
2101 1429 2142 1494 de
2159 1434 2323 1498 Micbulou

649 1519 913 1586 Sandomiriensi
928 1458 1058 1585 lacobo
1075 1518 1115 1582 de
1133 1516 1366 1604 Korryeczpolye
1381 1514 1575 1599 Siradyensi
1595 1514 1750 1600 palatinis
1764 1525 1861 1599 petro
1879 1511 2126 1599 Schafrunyecz
2144 1515 2323 1581 Succsme-

648 1604 736 1669 rurio
764 1604 982 1673 Cracoviensi
1006 1601 1189 1668 Domarath
1206 1601 1246 1664 de
1264 1602 1416 1686 Cocblony
1442 1599 1633 1666 Castellano
1660 1598 1826 1684 Byecensi
1843 1608 1877 1665 et
1891 1595 1963 1683 alijs
1980 1619 2075 1681 quam
2091 1597 2241 1684 pluribus
2257 1599 2322 1665 fide

612 1727 621 1754 ι
648 1689 682 1753 di
709 1691 770 1755 nis.
793 1691 916 1755 Datum
931 1711 992 1772 per
1005 1709 1120 1753 manus
1135 1684 1380 1751 Venerabilium
1393 1682 1556 1751 lobannis
1573 1684 1691 1750 decani
1706 1683 1939 1752 Cracoviensis
1956 1682 2059 1769 Regni
2076 1683 2216 1748 Polonie
2232 1685 2322 1752 can·

648 1712 771 1857 cellarij
788 1783 822 1837 et
840 1771 1077 1858 Wladysluiyde
1095 1773 1225 1861 Operose
1252 1769 1462 1836 decretorum
1483 1769 1633 1835 doctoris
1649 1769 1794 1834 eiusdem
1811 1768 1920 1857 Regni
1933 1767 2204 1854 Vicecancellarij
2221 1768 2321 1834 nobis

648 1858 779 1923 sincere
799 1857 1003 1924 dilectorum

902 2511 1468 2594 cracoviae-*meme
1490 2505 1721 2592 Octobri
1736 2505 1880 2591 1er
1900 2528 2067 2591 uerno.
2106 2529 2115 2546 ·

647 2727 926 2802 catharina
942 2716 1006 2800 nni
1020 2727 1164 2818 Stephani
1179 2728 1218 2801 ds
1232 2727 1341 2821 majori
1355 2725 1488 2813 rotoni,
1499 2743 1568 2798 run
1581 2723 1757 2816 sompnus
1771 2725 1885 2798 mento
1896 2743 1953 2797 suo
1962 2724 2068 2798 num
2078 2727 2321 2797 Ctmeinowice'

644 2835 756 2922 ,rtrrs
772 2832 922 2905 clementi
943 2831 1093 2922 nennio
1115 2828 1351 2902 {mdonirienri
1375 2828 1489 2900 reum
1530 2831 1639 2902 tutuo
1660 2829 1767 2918 limet,
1787 2827 1859 2914 ‹lnx¹
1872 2828 2037 2901 tracones
2059 2831 2093 2902 et
2112 2829 2318 2904 susinum

645 2931 744 3100 siis·
759 2933 907 3005 timenti
921 2951 1042 3010 onnon
1062 2925 1252 3023 unauna
1265 2931 1700 3116 llilfflllffiblllllm
1714 2929 1862 3016 rmubl,
1875 2947 1954 3082 quor
1969 2930 2010 3003 rt
2022 2931 2164 3003 omnibus
2176 2931 2317 3005 uentu

748 3240 800 3323 In
834 3241 1003 3330 nomine
1043 3241 1219 3345 domini,
1262 3270 1399 3326 amen.
1454 3227 1564 3328 Cum
1584 3241 1628 3320 in
1649 3239 1846 3324 humanis
1884 3238 2238 3350 disposicionibus
2260 3251 2317 3323 „et

644 3359 825 3472 agendis
845 3362 974 3444 nichil
994 3361 1050 3444 ad
1070 3388 1232 3443 summe
1254 3361 1531 3469 perfeccionis
1555 3368 1598 3442 et
1618 3360 1838 3443 solitidatis
1876 3360 2042 3442 culmen
2061 3363 2200 3466 possit
2217 3389 2316 3469 per-

645 3478 810 3582 uenire,
832 3477 908 3560 sed
929 3507 1095 3589 semper
1117 3480 1170 3560 de
1192 3479 1327 3589 gestis
1346 3479 1582 3561 .hominum
1619 3475 1816 3588 qnamuis
1853 3476 2181 3562 racionabilibus
2219 3488 2315 3561 tan·

644 3623 776 3705 quam
807 3596 862 3678 de
880 3598 1000 3700 naui,
1039 3624 1124 3708 que
1161 3597 1362 3680 fluctibus
1400 3605 1465 3677 est
1500 3600 1693 3704 exposita
1730 3598 1811 3681 sub
1847 3597 2085 3680 serenitatis
2120 3606 2316 3706 tempore

643 3715 780 3796 timeri
802 3724 998 3824 oporteat
1018 3716 1256 3822 calumpnia
1278 3723 1570 3823 tempestates.
1591 3715 1776 3800 'Idcirco
1801 3743 1851 3797 ea
1872 3744 1956 3826 que
1981 3716 2315 3827 exbvendioionis

643 3830 780 3939 tytulo
803 3834 1098 3942 disponuntur.
1158 3833 1349 3917 Necesse
1375 3842 1438 3913 est
1459 3844 1506 3914 ut
1525 3831 1708 3942 lytterali
1728 3833 1928 3917 memorie
1956 3834 2314 3936 commendentur,

644 3950 700 4032 ad
721 3947 1042 4058 habundantem
1078 3953 1279 4035 noticiam
1299 3954 1567 4060 presencium
1589 3960 1632 4032 et
1650 3953 1913 4060 perhennem
1934 3953 2178 4070 memoriam
2198 3951 2314 4033 futu-
2383 3986 2393 4002 ·

513 4161 518 4178 x
642 4094 797 4152 rorum.
832 4067 951 4153 Seiut
969 4072 1099 4181 igitur
1120 4079 1208 4151 tam
1229 4096 1407 4180 presens
1431 4079 1522 4158 etas
1544 4071 1772 4174 hominum,
1790 4097 1918 4180 quam
1937 4070 2071 4152 eciam
2087 4063 2313 4179 posteritas

641 4212 907 4273 successura.
961 4186 1089 4288 Quod
1118 4217 1196 4272 nos
1226 4190 1386 4273 Lestoo
1408 4189 1475 4270 dei
1497 4190 1644 4299 gracia
1667 4189 1753 4300 dux
1776 4187 2005 4291 Oracouie‚
2038 4187 2315 4294 Sandomirie,

643 4314 686 4388 et
707 4303 974 4415 Syradiensis
996 4307 1193 4434 omnibus
1212 4307 1482 4419 presentibus
1504 4319 1547 4390 et
1565 4307 1715 4390 fiimris
1736 4307 2026 4391 insinuacione
2046 4309 2313 4417 presencium

642 4423 919 4510 declaramus:
953 4423 1081 4526 Quod
1104 4427 1275 4510 dominu
1294 4426 1503 4510 Katerina
1518 4426 1604 4516 filia
1622 4423 1786 4522 Stefani
1806 4424 1877 4534 filij
1899 4423 2070 4510 onuis
2093 4426 2147 4506 de
2166 4427 2314 4510 maiori

641 4541 817 4627 Polunia
856 4548 1031 4629 veniens
1074 4572 1218 4629 eoram
1246 4544 1375 4629 ‘nobis
1407 4552 1451 4629 et
1478 4542 1719 4630 Beronibus
1750 4545 1904 4630 nostris
1935 4573 2032 4626 cum
2062 4545 2213 4628 marito
2233 4571 2312 4628 suo
2377 4581 2383 4598 ·

747 4774 787 4854 (¹)
804 4774 836 4839 Ε
849 4773 961 4840 tabula
983 4776 1235 4844 membranacea
1260 4777 1439 4863 descripsit
1454 4777 1646 4847 Slavrir'rski.
1675 4777 1838 4845 Funisulo
1855 4777 1956 4844 rubro
1972 4799 2154 4862 appensum
2169 4776 2311 4864 sigillum

641 4858 770 4941 inquo,
786 4865 955 4923 exaratum
970 4860 1061 4944 quod
1074 4862 1192 4944 suerat,
1219 4883 1306 4928 nnnc
1330 4862 1428 4947 plane
1443 4864 1586 4928 evanuit.
1616 4863 1831 4950 Privilegium
1845 4862 1910 4929 hoc
1925 4861 2036 4927 multis
2051 4861 2311 4930 abbreviationi-

486 5003 490 5012 .
519 5007 522 5014 ,
641 4940 704 5008 bus
720 4943 898 5034 scriptum,
920 4943 984 5028 huc
1007 4954 1113 5013 totum
1128 4945 1390 5033 per'extensum,
1405 4947 1499 5032 prelo
1515 4947 1687 5014 donamus.
