5409 6309
1367 811 1417 829 ..
1474 727 1647 850 uc·-

671 971 896 1094 prehabite
937 958 1089 1061 damus'
1118 985 1161 1056 et
1192 975 1465 1059 concedimus
1497 970 1692 1056 omnibus
1722 972 2030 1056 uniuersaliter·
2047 974 2262 1060 incidendi
2299 991 2342 1063 et

671 1113 845 1211 pontem
863 1125 939 1206 per
960 1095 1134 1179 fluvium
1180 1091 1327 1175 Vs'zlom
1361 1091 1541 1199 parandi
1573 1089 1751 1172 liberam
1771 1099 1817 1171 et
1834 1092 2122 1175 omnimodam
2149 1104 2340 1202 potesta-

673 1231 772 1320 tem,
791 1220 851 1297 ita
871 1227 1017 1296 tamen
1059 1213 1177 1322 quod
1197 1211 1232 1292 si
1252 1212 1469 1318 predictus
1504 1233 1613 1315 pons
1650 1207 1854 1291 corruerit
1891 1236 1920 1289 a
1941 1215 2046 1294 casu
2085 1212 2156 1294 vel
2173 1224 2339 1296 auctar-

672 1346 782 1418 state
803 1361 879 1415 sev
900 1362 927 1414 a
947 1331 1084 1442 glacie
1106 1351 1329 1439 supressus
1350 1328 1545 1444 volumus
1566 1333 1668 1406 tunc
1690 1326 1809 1435 quod
1829 1323 1959 1409 Ciues
1993 1329 2185 1436 predicte
2222 1329 2341 1415 Oini-
2362 1382 2368 1393 -
2426 1367 2428 1370 ·

671 1455 785 1555 tatis,
804 1451 1024 1561 navigium
1045 1456 1248 1530 statuant
1270 1471 1357 1528 non
1379 1451 1524 1527 autem
1543 1443 1731 1525 eiusdem
1754 1444 1918 1554 nauigii
1937 1445 2099 1527 lucrum
2134 1449 2341 1556 percipiat
2411 1495 2417 1500 ·

672 1573 903 1683 quisquam
920 1577 1061 1676 preter
1083 1565 1209 1649 Oiues
1230 1563 1343 1644 dicte
1362 1561 1482 1645 urbis
1498 1562 1639 1643 donee
1670 1583 1781 1669 pons
1811 1563 2080 1672 supradictus
2103 1568 2269 1648 steterit
2288 1595 2340 1651 ex

647 1691 839 1798 'integro
879 1694 1114 1793 reparatus.
1163 1683 1329 1764 Damus
1358 1681 1531 1786 insuper
1550 1688 1596 1758 et
1606 1680 1887 1761 concedimus
1907 1679 2101 1790 predicto
2121 1681 2339 1768 Withconi

675 1809 885 1900 aduocato
924 1813 967 1884 et
996 1803 1082 1882 suis
1117 1801 1315 1908 legitimis
1368 1794 1686 1880 successoribus
1726 1797 1769 1876 in
1806 1796 1996 1878 districtu
2027 1824 2104 1880 sue
2142 1798 2341 1885 Ciuitatis
2437 1825 2440 1830 ‘

673 1922 897 2032 prehabito
930 1929 973 2001 et
1000 1921 1052 2001 in*
1076 1917 1270 1999 districtu
1288 1916 1509 1998 laneorum
1525 1913 1703 1999 Ciuitati
1721 1915 2016 2002 adiacencium
2037 1923 2082 1997 et
2100 1916 2341 2003 additarum

676 2040 870 2149 capiendi
906 2037 1168 2145 ubicumque
1203 2035 1394 2116 locorum
1415 2043 1461 2113 et
1477 2031 1665 2114 venandi
1682 2073 1685 2078 ·
1701 2058 1826 2115 omne
1863 2057 1999 2138 genus
2030 2030 2213 2115 ferarum
2235 2063 2343 2145 quo·
2392 2063 2394 2066 ·

676 2185 846 2268 cunque
867 2155 1045 2237 artificio
1067 2153 1247 2237 voluerit
1264 2152 1333 2233 uel
1352 2152 1548 2233 maluerit
1565 2149 1742 2232 liberam
1764 2157 1807 2230 ot
1827 2149 2113 2232 omnimodam
2147 2159 2340 2258 potesta

585 2277 593 2284 ’
673 2282 774 2357 tem.
806 2276 865 2358 Et
884 2283 933 2355 ut
954 2273 1117 2357 Ciuitas
1135 2270 1363 2376 prehabito
1401 2267 1753 2372 Sandomiriensis
1789 2275 1910 2350 tanto
1945 2266 2110 2351 facibus
2130 2277 2341 2380 tantoque

552 2448 561 2465 ·
675 2397 805 2476 cicius
827 2393 1076 2499 corrigatur.
1099 2386 1302 2469 Volumus
1323 2386 1576 2498 quodnulla
1597 2385 1778 2498 taberna
1805 2394 1949 2495 preter
1967 2395 2066 2489 tres,
2087 2411 2219 2470 unam
2235 2387 2353 2498 Fpe'
2450 2436 2484 2472 -,

673 2511 795 2617 scopi
818 2517 862 2591 et
881 2509 990 2589 duas
1024 2505 1217 2589 Ecclesie
1253 2502 1413 2596 Sarute
1447 2503 1606 2586 Mariae
1643 2530 1729 2613 quo
1764 2529 1879 2584 nuuc
1909 2512 2011 2586 sunt
2030 2511 2074 2585 st
2093 2501 2265 2590 mourut
2285 2508 2340 2591 ab

676 2629 855 2736 antiquo
884 2625 1023 2707 locate
1046 2623 1102 2703 ad
1122 2622 1248 2705 unius
1278 2623 1471 2729 spacium
1501 2618 1672 2703 milleris
1690 2647 1768 2731 per
1788 2620 1975 2730 aliquem
1992 2619 2156 2704 locstm
2173 2622 2244 2706 vel
2262 2624 2343 2707 hn-
2373 2685 2376 2692 ⁴

673 2744 847 2830 beatur:
901 2742 1010 2824 Item
1045 2739 1317 2824 concedimus
1349 2737 1539 2822 x(linibus
1578 2737 1801 2848 prehabito
1844 2736 2029 2820 ciuitatis
2061 2748 2106 2821 et
2145 2731 2340 2825 omnibus
2482 2731 2490 2742 ⁸

589 2892 593 2898 ’
676 2862 766 2945 ahie
787 2862 831 2941 iu
848 2859 1042 2941 districtu
1063 2857 1253 2941 eiusdem
1267 2860 1310 2937 in
1327 2856 1536 2964 Dominijs
1556 2856 1711 2940 nostris
1726 2854 1927 2938 videlicet
1941 2854 2214 2939 Oracoviensi
2229 2855 2342 2941 San-

514 3057 518 3065 .
672 2979 917 3064 'domiriensi
940 2987 982 3059 et
1002 2975 1244 3084 Syrazicnsi
1274 2974 1384 3056 infra
1419 2975 1613 3083 spacium
1630 2972 1849 3056 libertatis
1873 2973 2115 3082 supradicte
2150 2972 2342 3059 sedenim

537 3184 552 3196 ,
676 3122 882 3181 annorum
916 3094 1165 3177 transeundi
1202 3119 1299 3173 cum
1333 3090 1547 3202 mercibus
1583 3091 1969 3202 qualibuscumque
2003 3100 2047 3172 et
2078 3088 2344 3201 ubicumque

673 3213 1048 3323 locorumabsque
1070 3209 1183 3293 omni
1205 3236 1364 3318 genere
1384 3208 1612 3292 solucionis
1625 3208 1779 3291 telonei
1796 3208 2343 3318 etquocunqueuocabtllo

677 3339 904 3418 censeatur
930 3330 1112 3434 liberam
1142 3324 1404 3407 facultatem.
1466 3325 1681 3433 Expirata
1707 3325 1861 3407 deinde
1889 3324 2085 3408 libertate
2120 3326 2344 3434 prehabito
2408 3337 2411 3348 '

553 3459 555 3464 ’
676 3451 788 3532 idem
800 3448 928 3531 Ciues
949 3447 1080 3530 nostri
1103 3454 1146 3525 et
1164 3469 1311 3526 omnes
1331 3439 1587 3525 aliiGiuitali
1607 3442 1852 3536 adiacentes
1873 3470 1951 3551 per
1973 3443 2211 3527 disuictum
2233 3451 2341 3553 quo-

536 3622 544 3628 ·
678 3596 848 3677 cunque
869 3567 914 3646 in
933 3562 1124 3672 negociis
1146 3561 1233 3642 suis
1254 3560 1479 3642 transitum
1513 3557 1691 3642 fecerint
1719 3586 1796 3643 seu
1827 3557 1986 3644 defero
2008 3561 2066 3645 ad
2098 3559 2244 3675 forum
2267 3589 2346 3645 seu

567 3757 575 3768 .
634 3684 950 3768 mercimonia
971 3679 1161 3789 quelibet
1201 3678 1441 3759 exercendo
1468 3677 1524 3761 ab
1547 3677 1661 3761 omni
1680 3678 1896 3763 solucione
1928 3679 2086 3762 telonei
2115 3679 2345 3787 cujuseun-
2443 3671 2450 3680 ⁶

556 3807 560 3814 ’
678 3809 830 3913 quaet
850 3823 1111 3908 quocunque
1130 3796 1301 3879 nomine
1321 3796 1608 3890 comentariu
1628 3806 1881 3904 perpetuum
1902 3796 1987 3877 sint
1999 3795 2121 3878 liberi
2137 3806 2180 3878 ot
2193 3797 2344 3878 immn-¹
2382 3886 2396 3912 .
2487 3855 2491 3864 .

678 3942 768 3999 nes.
820 3914 1016 3997 volumus
1049 3917 1195 4024 itaque
1231 3912 1288 3995 ab
1310 3912 1504 3997 omnibus
1541 3913 1759 3997 obsemari
1793 3911 2086 4030 inviolabiliter
2120 3923 2163 3994 et
2195 3914 2345 3995 insono

549 4135 552 4142 „
678 4059 803 4117 cusse
826 4032 942 4143 quod
961 4023 1060 4142 post
1077 4032 1314 4115 libertatem
1351 4030 1539 4114 sedecim
1574 4057 1779 4121 annorum
1800 4031 2098 4140 supradictam
2126 4028 2346 4114 telonearii

678 4154 722 4235 in
744 4147 981 4234 confinibus
1013 4160 1056 4231 et
1084 4152 1206 4232 metis
1238 4159 1445 4232 terrarum
1487 4157 1723 4232 nostrarum
1754 4149 1846 4257 jam
1881 4149 2091 4231 dictarum
2125 4149 2347 4230 constituti

679 4268 851 4352 amodo
872 4289 959 4350 non
989 4268 1082 4376 plus
1119 4296 1249 4377 quam
1287 4267 1593 4349 dimidietatem
1627 4266 1781 4350 telonei
1817 4267 2017 4351 anostris
2050 4264 2229 4349 Oiuibus
2259 4266 2345 4346 iam

669 4388 803 4472 'dicus
826 4394 870 4467 et
888 4381 932 4466 in
945 4383 1147 4467 »districtu
1168 4385 1367 4469 Ciuitatis
1387 4383 1658 4467 manentibus
1678 4385 1741 4465 ita
1759 4386 1798 4468 si
1820 4394 1938 4467 extra
1956 4383 2096 4494 gades
2117 4411 2194 4465 seu
2209 4392 2344 4465 metas

677 4504 920 4589 transierint
938 4530 1014 4609 pro
1030 4501 1242 4585 mercibus
1255 4503 1453 4611 accipere
1473 4503 1665 4585 habeant
1687 4512 1730 4582 et
1750 4514 2013 4624 extorquere.
2034 4499 2092 4582 llt
2111 4510 2159 4586 vt
2179 4499 2344 4589 Ciuitas

677 4631 834 4704 nostra·
860 4618 1212 4703 Sandomiriensis
1248 4622 1470 4731 sepedicta
1500 4622 1543 4701 in
1573 4621 1878 4728 temporalibus
1899 4620 1953 4702 de
1974 4618 2044 4702 die
2061 4619 2106 4700 in
2128 4617 2238 4702 diem
2270 4643 2345 4699 au-

680 4743 832 4850 geatur
854 4747 898 4817 et
916 4735 1137 4822 excrescat
1156 4740 1384 4821 statuimus
1404 4737 1522 4848 quod
1543 4736 1738 4845 hospites
1754 4735 2058 4854 undecumque
2076 4761 2176 4820 eum
2192 4734 2346 4820 merci-

678 4855 828 4939 moniis
864 4853 1250 4965 qualibuscumque
1269 4856 1416 4963 ipsam
1447 4856 1696 4956 intr'auerint
1723 4854 1876 4938 eadam
1896 4853 2170 4950 mercimonia
2189 4854 2232 4936 in
2252 4851 2346 4959 ipsa
2441 4853 2447 4860 ’
