5409 6309
1057 1323 1059 1327 ·
1121 1281 1270 1401 ctxt.

474 1538 943 1625 &acceiae-dic
966 1542 1027 1625 11
1052 1540 1249 1623 mensis
1273 1539 1548 1624 Ianuarii
1571 1537 1723 1625 1440
1749 1559 1913 1624 anno.

366 1685 886 1853 numerisrumeris
904 1760 986 1851 regis
1000 1761 1184 1834 ιιοιιιῑοιὶο
1198 1761 1227 1836 t.
1240 1759 1396 1834 lmedcti
1409 1759 1547 1833 ludente
1561 1758 1655 1833 cavo
1668 1758 1794 1851 largiter
1806 1715 1951 1833 essunt
1961 1763 2018 1841 (ιι.

473 1975 598 2056 1445.
619 1969 671 2053 In
690 1969 857 2054 nomine
879 1968 1036 2053 domini
1057 1995 1192 2052 amen.
1223 1968 1294 2052 Ad
1312 1977 1562 2080 perpetuam
1582 1970 1644 2053 rei
1664 1967 1908 2054 memoriam
1927 1968 1968 2052 N
1971 1994 2017 2052 os

367 2090 604 2174 Kazimirus
627 2089 694 2171 dei
715 2090 860 2199 gracia
879 2087 971 2173 Rex
990 2085 1163 2172 Polonie
1183 2116 1262 2171 nec
1284 2117 1368 2174 non
1380 2087 1613 2176 Graccovie
1626 2087 1723 2202 (sic)
1741 2085 2017 2190 Sandomirie,

370 2207 543 2313 siradio,
562 2206 778 2312 Lancicie,
802 2206 990 2310 Ouiauie‚
1010 2235 1188 2318 magnus
1211 2208 1296 2290 dux
1313 2207 1554 2313 Lithuanie‚
1569 2206 1734 2311 Russie,
1748 2206 2017 2317 Prussieque,

367 2355 447 2410 nec
467 2354 552 2411 non
574 2324 825 2431 Oulmensis,
846 2323 1213 2438 Consgbergensis
1236 2324 1274 2439 (l
1295 2328 1375 2438 sic)¹
1395 2325 1680 2438 Elbingensis‚
1710 2334 1752 2409 et
1771 2325 2017 2412 Pomeranie

367 2457 570 2530 terrarum
591 2445 712 2528 heres
734 2455 777 2528 et
798 2446 990 2531 dominus
1012 2454 1093 2529 etc.
1126 2444 1425 2557 Significamus
1459 2456 1605 2531 tenore
1640 2447 1905 2556 presencium
1926 2447 2020 2553 qui-

366 2565 447 2675 bus
470 2565 640 2676 expedit
656 2565 865 2660 uniuersis
886 2564 1154 2675 presentibus
1176 2577 1220 2649 et
1239 2562 1391 2650 futuris
1426 2565 1692 2675 presencium
1720 2566 1921 2649 noticiam
1941 2565 2018 2647 ha·

365 2685 528 2770 bituris.
561 2681 785 2786 Quomodo
806 2684 997 2767 uolentes
1027 2683 1137 2766 diem
1168 2694 1401 2767 extremum
1435 2685 1578 2768 iudicii
1612 2686 1784 2794 pietatis
1820 2682 2018 2794 operibus

366 2807 586 2915 preuenire
607 2814 650 2886 et
667 2803 1014 2913 predecessorum
1034 2812 1270 2885 nostrorum
1292 2828 1399 2911 quos
1420 2806 1492 2913 pia
1510 2806 1643 2888 mouit
1672 2803 1849 2888 deuocio
1882 2804 2017 2886 eccle·

367 2925 522 3006 siarum
544 2921 779 3006 defectibus
800 2922 1026 3004 subuenire
1048 2948 1098 3003 ac
1120 2930 1245 3031 gesta
1266 2948 1410 3005 eorum
1445 2922 1599 3007 imitari
1627 2948 1703 3030 pro
1741 2947 1918 3032 quorum
1950 2922 2018 3003 hic

369 3041 592 3138 oblacione
631 3040 675 3119 in
716 3039 856 3124 futtuo
897 3066 1115 3149 speramus
1142 3039 1394 3151 multiplices
1424 3040 1726 3124 retribuciones
1766 3041 2020 3150 premiorum

368 3158 556 3270 adipisci,
566 3158 621 3241 ad
631 3159 861 3269 peticiones
876 3157 1008 3269 igitur
1022 3157 1271 3243 venerabilis
1283 3186 1334 3241 ac
1344 3159 1543 3271 relligiosi
1552 3158 1650 3272 (sic)
1661 3159 1792 3269 patris
1801 3156 2020 3242 Michaelis

367 3278 550 3364 Abbatis
570 3277 812 3362 monasterii
831 3286 978 3361 sancte
1010 3279 1147 3361 crucis
1169 3277 1277 3361 calui
1296 3281 1450 3364 montis
1473 3277 1527 3389 (²)
1550 3278 1703 3363 ordinis
1724 3257 1864 3362 saricti
1883 3277 2020 3360 Bene·

370 3397 471 3481 dicti
493 3397 644 3480 deuote
664 3395 787 3481 nobis
814 3395 967 3500 dilecti,
989 3394 1145 3508 quibus
1181 3397 1303 3482 nobis
1340 3425 1417 3509 pro
1452 3411 1573 3508 parte
1607 3398 1745 3483 tocius
1787 3404 2019 3482 conuentus

368 3515 625 3627 supplicauit
646 3514 871 3619 humiliter,
894 3524 1105 3624 quatenus
1140 3516 1406 3628 priuilegium
1421 3544 1549 3628 super
1569 3516 1826 3628 quibusdam
1844 3513 2019 3600 liberta-

369 3633 561 3719 cionibus
585 3634 686 3717 dicti
706 3635 961 3739 monasterii,
992 3662 1067 3744 per
1088 3635 1402 3718 serenissimum
1427 3636 1659 3746 principem
1681 3636 1897 3720 dominum
1916 3632 2018 3719 Vla·

371 3754 547 3838 dislaum
568 3753 732 3866 Regem
752 3751 926 3839 Polonie
946 3781 1195 3866 germanum
1230 3763 1417 3844 nostrum
1454 3781 1715 3857 concessum,
1749 3752 2018 3858 ratificatum‚

474 4007 513 4084 (Ι)
536 4004 791 4091 Transumptum
805 4004 871 4072 hoo
887 4004 1062 4092 descripsit
1076 4003 1148 4090 ipse
1165 4004 1402 4073 illustrissimus
1425 4006 1499 4072 Leo
1514 4003 1947 4092 Rzyszczewski-Tabula
1960 4029 2015 4073 no·

369 4099 437 4157 stra
451 4110 480 4154 a.
499 4079 591 4166 1440,
616 4090 651 4154 in
665 4089 915 4156 confirmatione
938 4087 1089 4156 Casimiri
1114 4088 1296 4176 Jagellonis
1324 4113 1352 4155 a.
1370 4094 1451 4158 1445
1477 4090 1652 4169 invenitur,
1675 4108 1739 4174 qua
1759 4088 1799 4154 de
1816 4109 1913 4156 cansa
1927 4100 2017 4156 tran·

371 4183 535 4260 sumptum
559 4182 667 4240 totum
694 4173 759 4253 huo
789 4174 924 4241 edimus·
959 4174 1012 4241 De
1040 4173 1123 4240 libro
1145 4197 1224 4241 vero
1246 4175 1483 4274 manuscripto,
1510 4198 1552 4242 ex
1579 4196 1643 4260 qno
1658 4174 1783 4241 tabulas
1812 4171 2014 4261 deprompsit

371 4257 633 4408 lldlzxpszczewslri
660 4261 727 4346 jam
755 4258 789 4324 in
816 4258 880 4326 hoc
912 4258 1020 4325 Temo
1052 4256 1186 4325 Codicis
1210 4279 1287 4346 pag.
1313 4263 1386 4343 231,
1414 4282 1449 4326 ιιι
1473 4262 1682 4327 annotatione
1711 4259 1825 4348 prima,
1857 4258 2014 4324 nonnulla

441 4365 523 4409 mus.

477 4426 515 4508 ι’)
536 4427 646 4514 Vulgo
664 4428 754 4516 lysa
770 4425 863 4507 Gora,
886 4449 990 4504 mons,
1006 4426 1045 4492 de
1062 4445 1127 4512 quo
1145 4428 1211 4512 jam
1237 4449 1336 4512 supra
1361 4427 1505 4496 Michael
1526 4429 1637 4512 abbas,
1655 4428 1775 4512 dequo
1794 4448 1891 4514 saepe
1920 4430 1953 4494 in
1968 4440 2017 4495 ta·

372 4510 457 4577 bulis
486 4512 622 4579 inferius
650 4512 740 4610 typis
776 4512 919 4579 exaratis
948 4512 1095 4578 invenies
1126 4511 1232 4578 lector
1256 4514 1469 4596 mentionem,
1503 4538 1520 4581 e
1554 4523 1653 4604 gente
1676 4512 1898 4600 Lipsciorum
1936 4515 2015 4594 ‚hae-

372 4595 485 4663 redum
501 4596 541 4663 de
552 4598 665 4698 diple,
684 4598 823 4683 msignis
853 4598 1029 4665 Saronicus
1043 4596 1131 4683 apud
1159 4596 1302 4666 Polonos
1328 4596 1423 4675 dicti,
1452 4600 1613 4687 originem
1641 4622 1730 4666 suam
1748 4598 1851 4664 duxit
1887 4599 2017 4666 Doctor

240 4681 245 4696 ⁴
371 4680 600 4770 philosophiae
615 4683 650 4748 in
667 4683 834 4750 academia
848 4681 1062 4750 Cracoriensi
1075 4682 1146 4761 luit,
1172 4681 1223 4746 vir
1247 4682 1438 4783 eruditionis
1456 4683 1581 4783 plenus,
1595 4684 1732 4751 maxime
1748 4684 1788 4751 de
1805 4685 1961 4763 scientiis,
1977 4684 2016 4751 de

372 4767 481 4918 patria
506 4778 539 4832 ct
564 4767 603 4833 de
617 4791 677 4836 suo
692 4768 888 4834 monasterio
905 4765 1047 4835 meritus.
1080 4766 1202 4836 Orator
1231 4770 1319 4855 regis
1350 4765 1501 4834 Casrmrn
1530 4767 1572 4834 ad
1590 4768 1762 4837 Nicolaum
1777 4767 1819 4837 V.
1848 4769 1970 4858 Papam
1985 4780 2019 4834 et

387 4849 574 4918 'tidericum
588 4852 816 4964 inperatorem.
839 4853 954 4921 Abbas
969 4852 1010 4918 ab
1025 4877 1052 4918 a
1070 4855 1162 4932 1455,
1178 4863 1327 4920 mortuus
1342 4862 1394 4920 est
1413 4855 1454 4920 26
1471 4852 1649 4920 decembris
1666 4858 1759 4923 1477.
1783 4852 1872 4921 Illius
1891 4866 2016 4942 tempe·

373 4936 475 5017 ribus,
490 4939 607 5006 fratres
623 4945 657 5008 b.
672 4938 841 5007 Benedicti
857 4938 897 5006 de
913 4936 1017 5007 Calvo
1032 4947 1141 5007 monte
1156 4937 1313 5027 plurimos
1328 4935 1461 5008 codices
1477 4937 1687 5026 scripserunt.
