5409 6309
1098 676 1324 746 ..n--

378 880 609 966 nomnen
630 876 865 962 nemum
882 877 1050 962 oriem
1070 874 1242 960 essem
1262 904 1412 960 meum.
1435 841 1829 985 nupserant
1851 878 2044 976 sums

377 996 767 1105 Hierosolymitani,
788 1012 866 1105 pro
898 993 1122 1106 errimabus
1153 995 1287 1100 patris
1317 997 1401 1080 mei
1435 1005 1478 1078 et
1507 997 1666 1097 matris,
1699 1007 1831 1107 atque
1859 1023 2045 1106 prosus

378 1119 512 1230 ipsius
534 1116 675 1199 anima
696 1115 864 1198 dedisse
885 1123 1042 1197 terram
1062 1139 1177 1220 quae
1197 1113 1347 1196 dicitur
1368 1111 1662 1223 Inposttotam
1681 1116 1946 1219 integraliter
1966 1117 2045 1202 vit·

158 1225 164 1233 ’
294 1239 297 1243 ’
378 1234 442 1315 las
464 1229 631 1315 scilicet
658 1242 842 1343 quatuor
873 1261 970 1313 cum
1003 1230 1117 1314 omni
1148 1230 1407 1331 circuitione,
1438 1227 1563 1310 sicuti
1597 1231 1755 1313 Comes
1776 1231 1928 1314 Petrus
1949 1232 2043 1315 Ma·

378 1377 491 1460 gnus
513 1375 610 1431 eam
643 1352 879 1431 circumiuit
911 1359 955 1430 et
984 1348 1183 1457 signauit,
1222 1375 1318 1428 cum
1351 1349 1546 1430 omnibus
1585 1350 1769 1457 quaein
1798 1349 1902 1455 ipsis
1932 1350 2044 1432 villis

283 1531 289 1540 .
336 1485 337 1488 ‘
381 1475 515 1570 erant,
535 1465 780 1574 pastoribus
801 1469 1001 1550 videlicet
1032 1465 1225 1547 omnibus
1250 1463 1532 1573 jumentarijs,
1564 1465 1774 1571 uinearijs,
1808 1467 2045 1576 sagenarijs

379 1592 424 1666 et
444 1584 639 1698 omnibus
660 1586 841 1686 rusticis,
875 1585 949 1696 qui
969 1587 1013 1663 in
1032 1583 1134 1688 ipsis
1155 1581 1262 1662 villis
1303 1582 1592 1684 morabantur,
1625 1592 1806 1690 excepto
1838 1612 1923 1666 uno
1954 1583 2044 1668 Ro·
2076 1669 2079 1674 ,

377 1697 504 1783 mano
527 1700 726 1784 Vineario
747 1702 919 1784 nomine
938 1697 1118 1800 Barbez,
1144 1707 1187 1776 et
1208 1701 1397 1805 exceptis
1421 1701 1781 1810 quatuordecimis
1802 1691 2044 1782 hominibus

361 1818 433 1899 'dc
453 1818 510 1904 Ki
532 1817 644 1928 (sic),
667 1817 821 1928 quibus
843 1817 1001 1902 ibidem
1021 1816 1187 1898 mansio
1210 1843 1418 1899 concessa
1448 1816 1588 1898 fuerat
1609 1817 1665 1896 ad
1685 1825 1866 1925 tempus,
1906 1817 2070 1904 donec

379 1936 479 2019 alibi
503 1937 562 2016 eis
584 1935 890 2043 prouideretur,
913 1961 1010 2014 cum
1041 1935 1162 2017 omni·
1186 1961 1361 2044 quoque
1393 1934 1669 2045 suppellectili
1698 1933 1875 2042 reliqua,
1913 1960 2045 2042 equa*

378 2050 460 2134 bus
483 2053 654 2156 scilicet,
686 2052 840 2154 bubus,
870 2051 1028 2156 vaccis,
1060 2050 1213 2140 ovibus
1246 2063 1376 2162 atque
1407 2045 1561 2159 porcis.
1587 2049 1675 2134 Sed
1698 2058 1740 2132 et
1761 2050 1886 2132 aliam
1919 2050 2043 2132 dedit

380 2171 521 2252 villam
542 2165 710 2254 nomine
748 2168 898 2252 Ulczoo
917 2198 1015 2250 cum
1047 2168 1241 2251 omnibus
1273 2171 1359 2251 suis
1389 2169 1665 2277 pertinentijs,
1701 2168 1817 2248 siluis
1847 2167 2046 2251 videlicet

223 2275 230 2292 ⁴
303 2330 309 2338 ·
380 2290 514 2396 agris,
537 2291 668 2397 pratis
699 2296 829 2398 atque
859 2286 1091 2393 mellificijS,
1125 2293 1341 2398 quotquot
1370 2289 1413 2366 in
1447 2316 1502 2368 ea·
1530 2296 1660 2368 erant.
1702 2286 1836 2366 Dedit
1867 2311 2041 2395 quoque

377 2413 545 2512 praeter
574 2407 682 2488 haec
717 2407 859 2489 omnia
891 2405 1138 2487 Tabernam
1159 2405 1203 2483 in
1227 2401 1380 2485 Cdcboo
1396 2403 1539 2509 libere,
1576 2436 1602 2486 a
1631 2404 1852 2512 praedicto
1884 2403 2046 2507 Hospi-

377 2522 452 2638 tali
472 2523 788 2631 possidendam.
821 2524 918 2632 Ego
939 2517 1070 2632 igitur
1093 2521 1334 2625 Casimirus,
1360 2524 1435 2632 qui
1450 2523 1534 2605 Dei
1562 2525 1702 2632 gratia
1737 2522 1926 2602 successi
1941 2521 2046 2600 hae·

377 2651 458 2742 res,
492 2652 534 2720 et
562 2668 785 2748 possessor
820 2640 1030 2724 bonorum
1070 2638 1210 2721 fratris
1247 2642 1330 2722 mei
1365 2643 1462 2747 piae
1493 2642 1723 2724 memoriae
1755 2638 1888 2720 Ducis
1922 2635 2044 2717 Hen-
2110 2713 2116 2720 .

379 2758 466 2858 rici,
488 2761 630 2840 omnia
648 2759 882 2868 praedicta,
914 2786 1027 2868 quae
1050 2756 1288 2841 contulerat
1316 2757 1530 2865 Hospitali
1554 2757 1597 2840 S.
1612 2757 1814 2857 d'oannis,
1848 2754 2041 2838 concedo
2064 2799 2066 2804 ¹

380 2873 517 2954 eidem
534 2875 753 2983 Hospitali
766 2877 862 2983 jure
883 2886 1091 2982 perpetuo
1127 2876 1399 2982 possidenda,
1431 2904 1508 2981 pro
1531 2876 1673 2954 anima
1707 2874 1845 2954 Patris
1881 2873 1965 2951 mei
2003 2880 2046 2951 et
2127 2880 2130 2888 '

379 2985 539 3095 Matris,
562 3003 605 3074 et
623 3020 700 3100 pro
723 2995 863 3072 anima
886 2992 1076 3098 ejusdem
1097 2990 1237 3070 fratris
1259 2993 1355 3090 mei,
1385 2990 1520 3069 Ducis
1541 2991 1729 3088 Henrici,
1764 2997 1808 3067 et
1838 2983 1916 3095 pro
1947 3014 2045 3082 mea

377 3110 511 3215 ipsius
534 3110 686 3188 anima.
719 3107 898 3188 Addens
917 3109 1090 3211 insuper
1111 3105 1351 3187 hominibus
1376 3103 1571 3185 omnibus
1595 3103 1639 3186 S.
1663 3103 1886 3203 dohannis,
1918 3100 2046 3185 liber·

378 3232 513 3306 tatem
534 3224 720 3308 omnium
740 3221 994 3303 tributorum
1014 3221 1083 3304 vel
1091 3221 1375 3321 seruitiorum,
1392 3247 1504 3329 quae
1520 3207 1636 3304 more
1653 3218 1869 3318 Polonico,
1885 3220 1942 3300 ab
1955 3218 2045 3324 alijs

342 3361 349 3365 ’
377 3341 544 3424 rusticis
565 3339 657 3419 fieri
697 3340 845 3440 solent,
866 3366 919 3418 ne
942 3337 1111 3418 soluant
1130 3333 1335 3417 tributum
1365 3340 1410 3415 in
1440 3337 1544 3439 foro,
1576 3366 1630 3416 ne
1661 3335 1851 3440 hospites
1888 3337 2049 3415 ducent

378 3456 659 3565 velpascant,
681 3467 734 3536 ne
756 3444 1022 3554 falconarios,
1043 3454 1113 3535 vel
1133 3454 1490 3537 canumductores
1512 3454 1759 3559 suscipiant,
1780 3447 1836 3531 ne
1856 3452 1900 3532 in
1917 3480 2046 3560 expe·

304 3636 311 3642 -
380 3576 581 3657 ditionem
601 3563 775 3675 vadant,
806 3602 861 3654 ne
894 3573 950 3653 ad
983 3598 1090 3679 opus
1128 3571 1256 3651 castri
1292 3574 1488 3653 semiant·
1518 3574 1607 3652 siue
1644 3569 1824 3670 soluant,
1860 3598 1915 3650 ne
1946 3576 2049 3676 post
2140 3613 2145 3622 ·
2205 3619 2210 3628 ·

377 3690 513 3776 boues
534 3691 713 3775 soluant
747 3691 900 3773 Testes
922 3690 1048 3795 hujus
1068 3686 1184 3769 facti·
1216 3688 1313 3796 Ego
1335 3688 1574 3799 Karimirus
1596 3689 1708 3788 Dux,
1727 3685 1937 3771 Dominus
1957 3686 2048 3770 Lu·

377 3837 459 3919 pus
476 3807 540 3921 (⁹)
556 3809 796 3918 Episcopus
812 3808 1043 3909 Plozensis,
1063 3835 1142 3917 per
1163 3806 1283 3915 cujus
1302 3834 1477 3888 manum
1500 3806 1730 3889 elemosina
1743 3804 1844 3886 date
1858 3813 1933 3886 est.
1955 3805 2048 3890 Do·

328 4046 331 4054 ’
378 4024 482 4094 berna
495 4026 531 4090 in
544 4024 665 4092 Caelos
736 4025 781 4090 ud
795 4023 926 4094 Muczk.
941 4024 975 4096 in
991 4022 1196 4114 arclreotypo
1212 4022 1310 4090 nobie
1324 4023 1458 4092 videtur
1472 4046 1548 4092 csse
1570 4021 1696 4092 Goeller.
1723 4020 1810 4089 Vide
1836 4019 2048 4108 notas(3)‚ct

380 4110 429 4192 (4)
445 4109 634 4194 diplomatis
649 4047 807 4193 thujus
822 4109 913 4194 torni.
932 4109 1060 4190 Carion,
1081 4110 1207 4189 Cochov,
1220 4108 1322 4173 hodie
1340 4111 1475 4178 Gazette
1490 4107 1576 4170 villa.
1632 4177 1635 4186 λ
1671 4117 1676 4132 ’
1933 4127 1937 4140 ³

483 4195 527 4272 (²)
538 4193 630 4260 Nunc
642 4193 682 4259 de
692 4217 777 4260 anno
789 4193 919 4260 tabulae
933 4192 1030 4280 hujus
1046 4202 1160 4277 poucass
1176 4196 1286 4281 Lupus
1303 4191 1344 4258 de
1361 4191 1759 4269 stemmateGedziembc,
1769 4188 1932 4255 electssss
1956 4185 2047 4251 soe·

379 4295 443 4425 pm
453 4274 629 4346 Ploce'nsis
642 4290 720 4363 post
733 4302 849 4346 necem
861 4278 1004 4346 Verneri
1016 4277 1180 4362 episcopi,
1189 4287 1379 4360 quaetenus
1388 4278 1555 4354 burislao
1564 4277 1768 4348 laubiensem
1784 4277 1834 4355 (iu
1847 4209 2049 4366 vidsllpisc,
2101 4306 2107 4317 ·

410 4357 491 4439 loc.)
506 4361 684 4426 subsecuta
699 4373 751 4430 est
764 4386 877 4429 mense
888 4362 1055 4426 februario
1075 4367 1166 4426 1172.
1191 4363 1389 4427 Suorwslaus
1403 4373 1524 4447 potens
1547 4362 1632 4426 civis
1648 4360 1884 4438 cracoviensis,
1901 4376 1957 4436 qm
1973 4377 2048 4418 cum

381 4442 467 4512 Jaxa
481 4443 522 4508 de
537 4445 727 4534 Miechovia
750 4447 866 4528 voluit,
882 4457 918 4510 ut
930 4445 1111 4512 Cesimirus
1129 4446 1310 4512 Cracovr'ee
1327 4457 1492 4534 regnaret.
1513 4446 1572 4510 Illa
1587 4445 1739 4525 denique:
1755 4445 1949 4520 ,cummim
1965 4437 2047 4501 ἀπ’

382 4535 417 4593 et
432 4529 605 4612 „successi
619 4528 737 4597 haeres
752 4540 786 4598 et
796 4551 979 4615 possessor
994 4529 1158 4592 bonorum
1173 4531 1285 4593 fratris
1300 4533 1364 4594 mei
1379 4533 1453 4617 piae
1477 4530 1652 4595 memoriae
1669 4528 1773 4593 Ducis
1788 4519 1945 4590 Henrioi'
1965 4541 2048 4605 quae

379 4613 415 4680 in
431 4622 548 4678 nostro
565 4613 743 4702 diplomate
765 4615 931 4701 leguntur,
947 4612 1184 4694 demonstrent,
1200 4612 1410 4700 privilegium
1425 4616 1535 4680 datum
1552 4636 1627 4680 esse
1650 4635 1669 4676 a
1684 4611 1848 4679 Casimiro
1868 4610 1967 4674 lusto
1982 4605 2049 4669 hoc

248 4705 251 4712 ’
380 4705 542 4782 tempore,
559 4698 822 4784 quoudhucdux¹
832 4695 1112 4767 Sardemiriensis
1127 4707 1254 4765 tantum
1266 4709 1346 4764 erat.
1364 4702 1465 4771 Anno
1479 4702 1566 4771 euim
1581 4700 1673 4766 1174.
1688 4694 1907 4774 fircntcslaus
1919 4701 1953 4757 et
1965 4691 2053 4759 dan

432 4812 579 4889 ’1ὀιιιιΙΙΙ,Ι
600 4848 608 4865 ,
1919 4778 1941 4841 2
