5409 6309
1034 827 1315 903 ..m-

1285 896 1292 915 h

337 996 613 1132 tenebuntur,
645 1052 722 1134 pro
752 1023 977 1109 Advooato
999 1025 1155 1135 atejus
1185 1027 1444 1113 haeredibus
1476 1055 1644 1138 semper
1674 1040 1795 1115 sexto
1834 1028 2007 1121 denario

336 1173 510 1249 census,
532 1154 577 1228 et
588 1143 752 1253 judicio
773 1169 850 1250 pro
871 1141 1007 1228 Nobis
1030 1138 1196 1229 duobus
1219 1146 1443 1250 denariis,
1432 1156 1474 1230 et
1494 1145 1703 1230 advocato
1725 1151 1849 1233 tertio
1871 1180 2008 1236 reser-

335 1264 459 1346 vatis
523 1262 746 1349 Castorem
776 1258 971 1343 volumus
993 1269 1037 1340 et
1055 1262 1312 1345 mandamus
1344 1262 1598 1348 advocato
1579 1289 1670 1370 Jam
1707 1265 1841 1368 dioto,
1862 1244 1912 1350 ut
1930 1296 2010 1379 pro

336 1378 563 1488 pascendis
584 1375 813 1487 pecoribus
836 1377 1020 1487 exeipiat
1040 1385 1105 1461 tot
1123 1404 1315 1484 mansos,
1346 1382 1464 1491 quod
1501 1404 1678 1463 neceam
1697 1380 1823 1487 fuerit
1844 1392 1886 1465 et
1906 1411 2009 1469 non·
2031 1400 2035 1416 ¹

189 1580 196 1589 ,
302 1490 501 1579 'sonum
564 1493 793 1580 Caeterum
813 1494 1027 1599 volumus,
1048 1503 1098 1575 ut
1116 1494 1313 1579 Ecclesia
1332 1497 1493 1580 ibidem
1514 1497 1675 1581 habeat
1695 1498 1801 1579 duos
1823 1527 2007 1615 mansee,

337 1638 446 1723 quos
467 1609 624 1697 liberos
647 1610 974 1712 essevolumus,
999 1621 1169 1695 nostrae
1190 1613 1337 1697 salutis
1359 1612 1414 1699 ob
1435 1621 1677 1723 respectum
1700 1623 1744 1694 et
1763 1598 2009 1724 progenito·

334 1756 428 1811 rum
463 1730 733 1814 Nostrorum.
789 1726 872 1810 dus
906 1736 1157 1835 patronatus
1192 1757 1268 1837 pro
1298 1730 1436 1815 Nobis
1468 1759 1519 1812 ac
1552 1727 1808 1814 haeredibus
1842 1733 2007 1817 Nostris

335 1870 617 1931 reservamus.
677 1842 968 1929 Promittimus
996 1844 1145 1929 itidem
1173 1851 1389 1953 praesenti
1425 1844 1652 1957 Privilegio
1673 1855 1718 1929 et
1736 1847 2008 1956 spondemus,

338 1962 455 2073 quod
484 1964 603 2045 aives
634 1961 825 2070 ejusdem
856 1960 1040 2046 civitatis
1064 1972 1107 2045 et
1124 1963 1297 2063 incolae
1321 1966 1461 2048 eidem
1481 1962 1643 2048 civitati
1663 1964 1932 2072 adjacentes,
1954 1969 2009 2051 de
2122 2064 2125 2075 ,

335 2080 563 2193 praedietis
584 2081 742 2163 mansis
763 2103 849 2164 non
870 2078 1038 2164 solvent
1058 2080 1267 2163 desimam
1287 2042 1594 2192 manipularem
1614 2106 1696 2160 nee
1712 2091 2014 2189 campestrem,

337 2196 415 2279 sed
437 2197 489 2279 de
512 2192 704 2308 quolibet
721 2223 872 2281 manso
893 2196 1062 2283 solvent
1090 2207 1289 2283 monetae
1319 2199 1479 2281 usualis
1511 2204 1751 2299 sootonem,
1784 2200 2009 2304 praedicta

338 2313 555 2397 duntaxat
581 2313 796 2399 libertate
816 2314 1048 2419 expirante.
1107 2315 1339 2396 Praeterea
1372 2314 1567 2402 volumus
1606 2320 1668 2394 et
1683 2314 1925 2415 statuimus,
1960 2326 2010 2399 ut
2105 2322 2106 2333 '

338 2432 530 2539 expirata
559 2434 652 2539 jam
688 2431 806 2513 diota
836 2427 1052 2532 libertate,
1083 2430 1321 2514 advocatus
1351 2436 1613 2515 memoratas
1645 2439 1689 2511 et
1718 2457 1783 2513 sm
1772 2430 2010 2516 haeredes
2050 2518 2057 2527 ,
2175 2512 2178 2527 ,

316 2546 470 2682 ,Nobis
491 2558 535 2631 et
553 2546 721 2632 Nostris
750 2545 1089 2651 suecessoribus,
1121 2547 1178 2628 ad
1210 2548 1445 2658 quamlibet
1466 2532 1776 2657 expeditionem
1796 2548 1841 2629 in
1862 2547 2009 2643 defen-

261 2690 283 2779 f
335 2663 497 2749 sionem
526 2665 672 2749 Nostri
700 2662 843 2773 regni,
865 2690 974 2745 enm
1003 2663 1142 2747 tribus
1171 2662 1358 2771 famulis,
1389 2667 1516 2748 armis
1546 2663 1710 2779 bellicis
1730 2664 1844 2748 bene
1865 2658 2010 2778 dispo·

337 2780 428 2863 sitis
437 2781 684 2888 ,quomodo
705 2807 885 2863 neeesse
878 2778 1049 2917 luerit,
1068 2791 1246 2889 paratus
1269 2808 1364 2863 esse
1383 2790 1594 2865 teneatur
1654 2781 1774 2863 Idem
1814 2784 2025 2879 volumus,

305 2906 384 2999 ‚et
402 2900 650 3000 statmmus,
669 2909 718 2979 ut
738 2899 855 2981 eires
867 2898 961 3006 jam
983 2899 1123 2982 dietae
1145 2899 1350 3000 civitatis,
1356 2908 1454 3007 una
1468 2925 1566 2978 eum
1582 2898 1770 3003 ipsorum
1785 2894 2009 3001 advocato,

337 3017 518 3101 durante
546 3014 769 3125 praedicta
788 3013 1004 3151 libertate,
1045 3043 1075 3097 a
1092 3016 1304 3099 solutione
1326 2958 1544 3098 thelonei
1532 3042 1576 3094 ιιι
1601 3008 1761 3093 Crocow
1786 3012 1862 3093 et
1850 3039 1894 3092 ιιι
1915 3012 2007 3122 RJ-

337 3133 422 3216 lber·
452 3130 508 3225 ab
542 3133 666 3243 equis
698 3139 741 3212 et
769 3132 979 3219 universis
1008 3131 1223 3214 mercibus
1254 3131 1440 3213 ineundo
1461 3139 1506 3211 et
1524 3128 1743 3212 redeundo
1775 3130 1861 3211 sint
1889 3127 2010 3215 liberi
2166 3186 2169 3193 ,

336 3240 381 3335 et
401 3248 570 3356 penitus
601 3245 797 3330 absoluti.
857 3249 910 3332 In
942 3274 1123 3355 quorum
1154 3248 1341 3333 omnium
1377 3246 1665 3332 testimonium
1687 3252 1730 3327 et
1750 3244 2008 3330 evidentium

177 3466 184 3477 p
325 3365 566 3451 firmiorem
583 3374 834 3474 praesentes
854 3364 947 3448 dari
966 3363 1167 3469 fecimus,
1185 3365 1327 3449 Nostri
1349 3364 1487 3476 sigilli
1506 3361 1737 3446 mrmimine
1771 3359 2008 3446 roboratas.
2127 3392 2130 3409 ·

337 3482 494 3569 Actum
533 3478 778 3564 Craeoriae
765 3511 810 3564 ιιι
832 3492 989 3568 ιιιιιιιιιι
1023 3481 1147 3567 Beati
1183 3481 1410 3585 Βιιιιιιιιιιιι
1440 3482 1564 3565 Αιιιιο
1594 3478 1769 3563 Domini
1787 3478 2010 3563 Millesimo
2054 3508 2060 3519 ¹

337 3601 635 3695 herentesimo
673 3600 1019 3710 quadragesimo.
1078 3600 1383 3685 Praesentibus
1403 3592 1491 3682 his:
1526 3596 1813 3705 Spienymierz
1837 3594 2008 3679 Castel-

336 3720 446 3821 lnno,
465 3717 696 3827 Matygneo
716 3716 908 3802 Palatino
930 3716 1226 3819 Oraeoviensi,
1254 3716 1442 3801 Henn‘eo
1475 3712 1813 3817 Suaeamerario,
1850 3711 2009 3797 Wilaa·

337 3836 447 3921 hone
484 3832 767 3944 Subdapifero
806 3832 1156 3940 Sandomiriensi,
1194 3833 1387 3944 Sbigneo
1429 3828 1822 3917 Viae-Oaneellario
1864 3831 2008 3919 euriae

338 3953 521 4039 Nostrae
543 3962 587 4036 et
605 3953 854 4062 Praeposito
897 3950 1048 4037 Sancti
1086 3948 1325 4063 Michaelis,
1349 3961 1393 4032 et
1412 3951 1503 4034 aliis
1543 3948 1684 4032 multis
1725 3946 1810 4031 fide
1853 3947 2006 4057 dignis.

297 4132 299 4137 -
339 4070 500 4153 Datum
518 4097 594 4183 per
614 4096 767 4154 manus
788 4070 961 4156 Domini
983 4066 1163 4183 Sbignei
1184 4067 1391 4189 Canonici
1412 4076 1457 4153 et
1475 4065 1713 4180 Praepositi
1733 4063 1856 4155 Orac.
