5409 6309
1039 883 1087 898 -
1142 829 1214 918 ite
1264 881 1316 898 -

342 1035 528 1134 &miste
551 1025 770 1154 deponant
788 1046 994 1128 nacoliae
1007 1044 1198 1126 educere
1218 1044 1408 1146 audeant
1425 1043 1495 1126 vel
1508 1058 1758 1152 presumant
1778 1048 1915 1133 donoc
1934 1076 2016 1133 sna

343 1165 614 1248 mercimonia
634 1163 881 1278 supradicta
917 1159 1154 1270 hospitibus
1177 1157 1231 1243 de
1253 1151 1430 1243 diuersis
1465 1160 1658 1269 partibus
1678 1164 1749 1246 vel
1766 1165 2014 1274 regionibus

273 1321 275 1330 ·
341 1272 663 1365 aduenientibus
700 1309 778 1372 seu
812 1281 965 1364 nostris
1003 1275 1182 1363 (linibus
1213 1307 1267 1361 ex
1289 1279 1456 1388 integro
1477 1280 1725 1360 reuendant
1780 1278 2014 1366 statuimus

343 1402 477 1481 eciam
511 1410 554 1480 et
581 1399 776 1480 volumus
809 1398 927 1508 quod
961 1407 1132 1482 moneta
1168 1398 1405 1478 communis
1444 1394 1757 1480 denariorum
1746 1425 1790 1479 ιιι
1823 1398 2016 1507 predicta
2054 1477 2066 1488 .
2159 1449 2171 1464 -

341 1515 502 1600 Ciuitat
485 1527 526 1598 te
548 1513 758 1599 habeatur
774 1525 817 1596 et
830 1543 907 1624 per
922 1524 1060 1598 totum
1077 1514 1307 1597 dominium
1325 1511 1669 1597 Sandomiriense
1689 1543 1717 1596 a
1731 1516 2015 1600 vendentibus

249 1706 259 1714 .
341 1643 384 1716 et
404 1633 640 1715 ementibus
677 1661 743 1715 res
774 1625 1103 1768 qualescunque
1137 1631 1466 1713 irrecusabiliter
1501 1632 1737 1738 accipiatur
1767 1660 1847 1713 nec
1868 1625 2014 1744 aliqua

337 1753 382 1833 in
402 1751 681 1858 preiudicium
702 1749 909 1833 Ciuitas·
847 1760 878 1830 ιι
897 1777 982 1829 ram
1004 1774 1202 1854 expresse
1224 1747 1457 1857 vergentia
1477 1746 1532 1828 ab
1555 1749 1647 1831 aliis
1664 1747 1923 1833 ciuitatibus
1943 1752 2012 1835 val

340 1866 670 1979 quibuscunque
706 1868 797 1969 aliie
831 1864 974 1949 inferri
1010 1866 1315 1974 permittemus
1371 1867 1480 1949 Oum
1502 1875 1646 1948 autem
1684 1864 1847 1950 Ciuitas
1869 1877 2015 1952 nostra

338 1986 630 2093 prenominata
653 2014 704 2066 ex
722 1987 766 2066 in
770 1995 891 2104 tegre
912 1986 956 2064 in
978 2010 1104 2092 opere
1137 2009 1215 2064 suo
1252 1987 1419 2066 steterit
1453 1993 1702 2082 coristructu
1729 1996 1775 2067 et
1801 1984 2014 2092 completa

339 2102 532 2184 volumus
568 2113 671 2184 tune
707 2104 825 2212 quod
860 2128 1026 2183 camere
1062 2126 1301 2209 pannorum
1324 2110 1368 2183 et
1386 2102 1656 2183 institorum
1645 2131 1691 2183 ιιι
1710 2103 1892 2184 eadem
1880 2132 2016 2185 1nme-
2121 2137 2136 2162 ··

307 2278 309 2281 ψ
341 2218 454 2300 diate
477 2228 776 2302 construantur
798 2220 852 2300 de
874 2219 1030 2329 quibus
1062 2217 1184 2302 nobis
1207 2227 1251 2299 et
1270 2219 1424 2302 nostris
1460 2218 1781 2303 successoribus
1819 2220 2013 2330 quinque

338 2345 482 2441 partes
519 2338 672 2418 cedent
706 2331 933 2420 solucio'nis
956 2346 1077 2417 sexta
1096 2362 1197 2418 vero
1220 2336 1276 2415 ad
1298 2337 1555 2420 advocatum
1592 2336 1889 2419 hereditarium
1913 2363 2011 2419 cnm

249 2496 251 2498 ·
281 2490 309 2549 ·,
339 2454 426 2534 suis
448 2452 645 2564 legitimis
667 2453 986 2537 successoribus
1006 2459 1103 2560 pert
1087 2454 1248 2535 tinebit.
1296 2453 1365 2535 De
1387 2454 1478 2536 aliis
1516 2454 1714 2537 omnibus
1750 2483 1837 2566 que
1859 2481 2014 2536 secun

325 2579 475 2651 -tnrt
430 2581 475 2651 ut
495 2581 573 2679 pot
575 2601 597 2652 e
557 2573 671 2653 tde
693 2573 873 2654 cameris
892 2571 972 2654 vel
981 2570 1169 2653 macellis
1191 2571 1439 2653 carnificum
1463 2571 1516 2653 de
1538 2571 1714 2653 banecis
1737 2570 1835 2690 (sic)
1863 2573 2011 2680 pisto·

338 2714 429 2767 rnrn
455 2698 497 2769 et
518 2689 839 2804 caloipariorum
871 2700 916 2770 at
918 2718 1004 2799 que
1035 2691 1089 2770 de
1111 2689 1291 2770 cameris
1329 2691 1665 2772 examinatorum
1703 2691 1872 2800 argenti
1893 2689 2015 2771 etde

341 2802 551 2913 domijbus
591 2809 851 2890 mactatoriis
888 2835 971 2915 que
1009 2807 1167 2888 cutlere
1214 2816 1518 2914 nuncupantur
1555 2818 1598 2886 et
1634 2806 1688 2887 de
1731 2806 1893 2896 balneis
1929 2806 2013 2914 hijs

339 2917 533 3004 omnibus
556 2925 788 3033 peripsum
810 2925 1068 3006 advocatum
1090 2923 1391 3004 hereditarium
1413 2924 1738 3004 constructist
1694 2951 1717 3002 e
1722 2925 2014 3030 tcomparatis

339 3064 424 3119 non
444 3042 562 3123 alteri
595 3068 727 3149 quam
761 3041 843 3147 ipsi
878 3040 1091 3122 aduocato
1128 3038 1197 3122 Wi
1201 3039 1345 3122 theoni
1384 3049 1427 3120 et
1463 3042 1551 3120 suis
1586 3029 1767 3145 posteris
1803 3049 2013 3175 tanquam

238 3255 241 3258 A
320 3152 523 3259 ¹Domino
545 3182 622 3238 suo
644 3156 818 3262 speciali
851 3157 1090 3236 deseruient
1073 3165 1181 3236 tet
1195 3156 1433 3262 soluciones
1476 3153 1811 3265 qualescumque
1834 3157 2012 3264 eripuis

338 3274 590 3407 prquenient
608 3274 677 3355 vel
696 3283 876 3382 possunt
893 3274 937 3352 in
958 3272 1145 3354 futurum
1181 3273 1405 3381 prouenire
1441 3274 1748 3380 persoluentur.
1799 3272 2015 3356 Promitti-

339 3416 433 3469 mus
455 3391 628 3498 insuper
651 3389 829 3473 Oinibus
851 3391 1004 3472 nostris
1026 3392 1310 3497 supradictis
1299 3420 1342 3470 ιιι
1358 3392 1545 3498 ipsorum
1564 3390 1753 3475 Ciuitate
1767 3377 2013 3498 parocbiam

339 3516 388 3587 ut
407 3507 670 3589 construant
690 3508 917 3614 specialem
950 3507 1006 3588 ab
1038 3506 1252 3616 Episcopo
1274 3508 1480 3620 obtinere.
1541 3508 1651 3590 Item
1674 3507 1824 3590 damus
1848 3517 1891 3588 et
1909 3534 2015 3592 oon-

299 3645 302 3649 ’
341 3624 532 3707 cedimus
567 3624 762 3732 predicto
799 3627 1012 3737 adnocato
1045 3624 1262 3708 Withconi
1285 3636 1329 3707 et
1348 3628 1437 3707 suis
1457 3626 1669 3733 posteris
1658 3654 1702 3705 ιιι
1723 3624 1918 3708 omnibus
1939 3623 2014 3710 Ri-

340 3741 447 3822 uulis
469 3752 513 3824 et
530 3743 670 3825 fluviis
707 3770 960 3852 agrorum
943 3713 1121 3827 'Ciuitas
1141 3769 1216 3849 per
1237 3769 1313 3825 nos
1346 3744 1502 3824 additis
1542 3743 1791 3880 ubicunque
1824 3742 2013 3826 locorum

340 3857 547 3942 fuerint
516 3888 605 3943 sive
621 3887 759 3967 prope
773 3860 842 3944 vel
856 3846 1018 3944 remote
1039 3860 1313 3942 construendi
1333 3859 1575 3943 molendina
1590 3869 1648 3941 et
1639 3861 1836 3974 piscinas
1855 3860 2013 3942 liberae
2078 3865 2088 3884 ⁴
2156 3917 2167 3932 ·

229 3992 260 4064 .'
343 3976 397 4059 ab
420 3979 533 4060 omni
567 3979 830 4061 solucione
819 4006 909 4061 rure
947 3978 1200 4062 hereditario
1236 3981 1536 4086 inperpetuum
1571 3965 1852 4086 possidendas
1872 3986 1918 4057 et
1936 3975 2016 4060 ha·

341 4092 519 4176 bendas.
577 4093 745 4178 Causas
766 4121 941 4206 quoqne
961 4097 1077 4178 leves
1101 4106 1144 4177 et
1164 4095 1330 4178 arduas
1342 4096 1579 4178 aduncatus
1601 4123 1700 4177 cum
1720 4092 1809 4176 suis
1830 4093 2013 4203 posteris

342 4211 534 4293 indicare
568 4212 741 4295 hebeat.
773 4212 885 4297 Reos
917 4214 1103 4318 oriminis
1136 4224 1180 4296 et
1208 4213 1425 4296 maleficos
1463 4213 1539 4322 qui
1558 4213 1777 4295 inciuitate
1799 4218 1876 4293 aut
1895 4219 2015 4293 extra
2120 4295 2122 4298 ,

245 4315 254 4332 '
311 4339 317 4348 '
344 4326 575 4413 Oiuitatem
595 4332 639 4410 in
659 4332 865 4416 territorio
902 4331 1036 4440 ipsius
1066 4332 1222 4440 reperti
1253 4330 1498 4414 fixerintvel
1515 4357 1595 4438 per.
1614 4355 1918 4439 quemcunque
1940 4327 2016 4410 de·

342 4446 541 4553 prehensi
559 4473 635 4553 pro
659 4448 864 4556 qualitate
885 4448 1109 4531 noxietatis
1131 4459 1175 4529 et
1194 4449 1317 4556 culpe
1340 4448 1489 4532 debita
1508 4475 1623 4556 pena
1635 4446 1870 4557 puniendo,
1903 4442 2012 4531 Item

345 4564 495 4646 damus
517 4561 562 4644 et
581 4565 855 4646 concedimus
892 4563 1058 4647 ciuibus
1093 4568 1247 4648 nostris
1269 4566 1524 4673 supradictis
1543 4567 1590 4646 in
1609 4565 1781 4646 ciuitate
1807 4589 1887 4644 sua
1906 4560 2015 4646 indl-

345 4682 457 4763 cium
493 4707 639 4790 pugne
674 4682 768 4763 vel
779 4680 904 4762 duelli
939 4694 1188 4765 occurrente
1223 4684 1481 4764 necessitate
1514 4682 1584 4766 vel
1611 4682 1720 4764 -dnrn
1750 4706 1858 4790 opus
1887 4678 2017 4764 fuerit

345 4799 530 4880 exerceri
547 4797 765 4882 ethabere
784 4796 916 4881 libere
938 4799 1041 4882 nihil
1059 4800 1210 4883 horum
1229 4812 1404 4910 propter
1424 4808 1609 4883 nauem
1632 4800 1872 4891 absentiam
1892 4794 2015 4881 diffe-

343 4925 499 5001 rentes.
561 4915 669 5000 ltem
700 4917 896 5002 volumus
928 4917 1046 5028 quod
1072 4916 1207 5003 Ciues
1227 4928 1373 5003 noste
1391 4917 1580 5054 ιιιιιιιιιιι
1601 4917 1825 5027 prehabito
1846 4911 2015 5002 Sando-

437 5047 494 5087 Ῥω·
495 5046 576 5088 '¹·¹¹¹
1776 5110 1780 5114 .
1870 5047 1931 5114 19
2016 5097 2020 5104 .
