5409 6309
1249 740 1692 913 '..'1p'3,..ssv

629 1001 829 1098 Bolezl'ao
849 1020 895 1093 ot
915 1000 1151 1094 Wladlnlao
1181 1000 1269 1088 filio
1299 1023 1378 1085 suo
1400 996 1718 1092 domirrautibus
1738 946 1783 1078 iu
1803 995 1981 1083 Polouift
2013 970 2212 1088 duximus
2239 1025 2309 1085 re-

631 1131 844 1232 nnuenda,
868 1138 910 1208 et
930 1123 1174 1236 queminus
1194 1117 1336 1202 lucide
1361 1118 1476 1223 diota
1495 1115 1685 1219 fueraut,
1708 1115 1975 1201 declaranda.
1990 1118 2182 1202 or'etiam
2202 1121 2307 1204 uon·

631 1247 859 1346 finnanda,
879 1269 935 1325 ne
957 1242 1096 1350 caligo
1117 1240 1344 1322 vetustatis
1365 1246 1411 1318 et
1428 1234 1583 1346 rubigo
1605 1235 1873 1345 antiquitatis
1892 1236 2309 1346 priuilegiommda-

630 1378 767 1451 torum
789 1357 1024 1471 Tyneiensi
1045 1357 1301 1442 Monasterio
1322 1357 1604 1463 inposterum
1633 1353 1814 1462 possunt
1834 1351 2011 1465 aliquod
2029 1351 2305 1464 preludieimn
2461 1413 2469 1418 -

632 1509 853 1594 generare.
916 1477 1109 1578 Quarum
1132 1475 1407 1562 donationum
1428 1484 1471 1555 et
1490 1473 1735 1556 libertatum
1755 1471 2121 1556 confirmation·-
2142 1472 2305 1555 laetam

629 1625 705 1711 per
724 1598 1010 1687 venerabilem
1033 1603 1197 1704 patrem
1218 1594 1435 1675 dominum
1456 1589 1676 1709 Egydium
1713 1589 2008 1672 Tusculanum
2041 1590 2318 1700 Episcopum

534 1787 538 1794 .
576 1787 586 1805 .
630 1720 762 1803 felicis
798 1709 1106 1814 reeordationis
1127 1712 1182 1793 de
1201 1709 1335 1794 verbo
1358 1711 1414 1792 ad
1434 1710 1633 1794 terbum·
1650 1708 1920 1817 presentibus
1949 1710 2201 1792 inseruimus
2221 1707 2306 1792 sub
2435 1748 2439 1758 ·

594 1838 715 1943 'hae
735 1833 885 2063 ξῗιῖῗῧ
908 1949 1082 2035 nomine
1123 1947 1254 2056 patris
1289 1954 1332 2026 et
1360 1944 1436 2028 filii
1456 1885 1511 2027 'et
1540 1945 1711 2054 &Piliam
1742 1944 1893 2026 ⁸⁸⁰⁰&
1955 1941 2118 2027 omn&
2156 1942 2307 2026 fidel&
2434 2023 2442 2040 ⁸

632 2061 881 2155 christianos
904 2069 978 2180 qui
1000 2066 1068 2147 dei
1089 2093 1141 2147 ao
1162 2061 1341 2176 proximi
1378 2063 1648 2148 dilectionem
1669 2061 1828 2145 habere
1849 2072 2081 2148 noscuntur
2109 2072 2307 2144 sanctam

633 2218 684 2273 ao
703 2185 988 2273 venerabilem
1026 2179 1184 2269 Christi
1220 2181 1460 2265 Ecclesiam
1480 2181 1596 2266 fideli
1616 2181 1868 2264 reuerenola
1903 2181 2114 2265 bondeeet
2134 2207 2305 2290 augere,

418 2395 421 2406 ,
545 2339 547 2344 ’
631 2317 674 2390 et
692 2307 1043 2389 monasteriorum
1078 2303 1230 2418 quieti
1249 2327 1420 2383 summa
1451 2327 1548 2381 oum
1581 2300 1807 2382 deuotione
1827 2310 1915 2384 tam
1936 2300 1981 2381 in
1999 2299 2306 2407 temporalibus
2398 2347 2401 2356 ·

502 2461 505 2466 ·
631 2451 762 2535 quam
782 2424 827 2504 in
848 2419 1135 2531 spiritualibus
1156 2419 1392 2530 prouidere,
1414 2446 1466 2499 ue
1488 2417 1782 2530 religiosomm,
1811 2420 1997 2501 virorum
2018 2420 2141 2530 quies
2161 2401 2312 2529 aliqua
2435 2467 2440 2478 ι

326 2649 334 2659 θ
402 2515 405 2520 ⁴
527 2553 530 2558 ’
569 2557 575 2564 ’
628 2542 937 2624 interueniente
975 2531 1280 2640 controuersia,
1314 2534 1577 2640 disturbata,
1609 2546 1757 2618 eterne
1794 2536 2029 2620 duluellinis
2051 2539 2305 2619 suauitatem

631 2660 862 2771 degustare
896 2666 941 2764 et
958 2667 1106 2738 sancte
1144 2655 1361 2739 deuotioni
1382 2652 1539 2762 ,prout'
1559 2654 1686 2737 saluti
1723 2679 1868 2737 eorum
1905 2656 2078 2766 expedit
2113 2656 2324 2740 insistere·

629 2785 859 2887 nequeant.
922 2771 1192 2885 Quapropter
1224 2800 1307 2882 ego
1338 2773 1536 2892 Egyllius
1567 2771 1873 2876 Thusoulanus
1893 2771 2133 2882 Episcopus
2156 2781 2304 2855 sancte

631 2893 824 2980 Romane
845 2892 1039 2978 Ecclesie
1063 2900 1106 2973 et
1127 2891 1283 2975 domini
1318 2889 1494 3000 Kalyxti
1514 2889 1633 2999 Pape
1653 2917 1729 2999 per
1749 2887 2050 3001 Hungarioum
2072 2900 2116 2971 et
2135 2889 2305 2974 Poloni-

529 3002 534 3011 ’
631 3039 729 3094 oum
751 3011 952 3120 Regnum
971 3009 1162 3126 legatus,
1198 3017 1348 3092 saneta
1371 3007 1593 3096 Tincieusi
1612 3006 1807 3094 Eeolesie
1826 3010 2128 3094 eorrseueiente
2148 3008 2305 3119 glorio·

595 3203 598 3210 ,
629 3130 795 3212 sissimo
826 3128 1082 3218 Polonorum
1113 3128 1237 3210 Duce
1259 3125 1459 3212 Bolezlao
1481 3136 1530 3207 et·
1544 3123 1630 3209 filio
1654 3127 1743 3208 eius
1765 3123 2003 3210 Wladizlao
2026 3137 2070 3208 et
2088 3127 2305 3237 Episcopo

629 3246 907 3358 Oraoouieusi
946 3243 1160 3350 Radosto,
1206 3244 1418 3357 quidquid
1453 3241 1605 3328 eadem
1631 3243 1836 3336 Ecclesia
1864 3245 1911 3332 in
1938 3245 2098 3355 predijs
2132 3255 2175 3328 et
2204 3243 2305 3330 foris

630 3363 873 3472 ljhabernis
897 3373 940 3444 et
958 3364 1145 3447 macellis
1181 3361 1450 3472 presentibus
1481 3370 1528 3443 et
1555 3361 1707 3444 intruis
1738 3370 1782 3445 et
1802 3363 1920 3474 quod
1954 3363 2151 3472 polonico
2187 3390 2306 3448 more

628 3479 847 3564 Pomoctoe
894 3480 1064 3576 diciuu,
1110 3482 1199 3567 sire
1233 3507 1400 3566 omnem
1439 3507 1613 3564 censum
1645 3481 1761 3604 quali
1781 3482 1850 3563 vel
1870 3508 2145 3595 quopumque
2174 3482 2302 3565 modo

628 3598 860 3710 vulgariter
880 3609 1163 3709 nuncupetur,
1184 3610 1228 3681 et
1249 3600 1474 3684 duodecim
1495 3589 1662 3685 Mareas
1684 3600 1857 3725 argenti
1871 3627 1949 3716 pro
1970 3602 2112 3685 oeoiso
2132 3599 2305 3686 homine

630 3716 869 3820 soluendus,
892 3719 928 3800 si
947 3718 1059 3799 inter
1094 3718 1285 3801 homiues
1322 3715 1515 3801 Euolesie
1553 3718 1791 3802 Tineiensis
1828 3719 1947 3828 quod
1966 3718 2082 3801 absit
2100 3720 2315 3817 euenerit‚¹
2425 3787 2427 3790 .

632 3861 719 3945 que
739 3833 880 3918 omnia
902 3835 1039 3918 eidem
1055 3836 1248 3936 Ecclesie
1270 3832 1498 3920 aBolezluo
1514 3837 1637 3948 Rege
1656 3846 1698 3918 et
1713 3834 1896 3919 Juditha
1911 3835 2081 3949 Regina
2099 3863 2305 3932 concessa

633 3975 729 4032 esse
749 3948 940 4058 prefatus
961 3952 1061 4036 Dux
1081 3954 1332 4037 testabatur.
1356 3963 1399 4035 et
1419 3983 1445 4036 a
1466 3983 1524 4060 se,
1546 3965 1590 4039 et
1605 3955 1661 4037 ab
1679 3953 1874 4038 omnibus
1897 3955 2002 4038 auis.
2023 3956 2194 4064 proauis
2214 3956 2304 4036 suis

629 4080 878 4152 reuerentur
914 4072 1139 4157 custodita.
1176 4072 1430 4156 testabatur.
1454 4069 1670 4185 apostolica
1690 4071 1955 4157 Auctoritate
1979 4073 2180 4156 decretali
2201 4099 2305 4156 eon·
2339 4166 2341 4169 y

630 4187 820 4272 cessione
858 4187 1073 4274 firmamus
1110 4191 1321 4303 quidquid
1357 4190 1490 4288 habet
1511 4203 1555 4276 et
1573 4202 1702 4296 tenet,
1732 4189 1802 4276 vel
1820 4189 1960 4275 fatum
1975 4201 2172 4301 tempore
2192 4191 2304 4278 iuste

631 4307 877 4417 acquisierit
893 4307 961 4421 (⁴).
1014 4307 1065 4391 Id
1087 4319 1154 4392 est
1173 4309 1477 4392 Thineiensem
1498 4310 1638 4393 villam
1661 4337 1757 4390 eum
1779 4312 1960 4392 transitu
1990 4311 2133 4394 nauali
2153 4318 2199 4393 et
2217 4337 2304 4390 una

629 4423 829 4531 taberna,
860 4427 1052 4511 secunda
1082 4427 1187 4511 ultra
1222 4427 1398 4512 fluuium
1421 4457 1519 4514 oum
1539 4436 1640 4514 voto
1661 4425 1796 4512 Dueis
1820 4428 2042 4515 duodecim
2063 4427 2304 4520 Marcsrum

559 4555 565 4570 “
604 4547 796 4658 'argenti
828 4555 872 4628 et
889 4545 1026 4629 tribus
1061 4547 1247 4656 poledris
1281 4548 1458 4656 singulis
1495 4549 1617 4630 annis
1648 4556 1693 4630 et
1722 4545 1917 4632 omnibus
1951 4548 2153 4636 ministris
2189 4548 2305 4638 curie

801 4839 1017 4929 Privilegium
1031 4845 1169 4932 Aegidii
1184 4844 1360 4911 cardinalis
1378 4867 1464 4914 anno
1479 4847 1571 4910 1125.

752 4841 765 4880 8

464 4884 469 4899 ι
516 4964 524 4975 .
558 4899 562 4908 ’
735 4842 781 5008 {⁴3
801 4924 1017 5016 Privilegium
1031 4929 1183 5014 sequitur
1197 4929 1343 4996 Boleslai
1356 4929 1455 5018 primi
1473 4934 1569 5017 regni
1584 4930 1831 5019 dieti-eboba.
