5409 6309
1369 821 1645 898 -390-

682 1038 840 1153 Lapsae
874 1033 1055 1117 chbema
1077 1025 1132 1141 (³)
1156 1036 1199 1112 et
1232 1025 1406 1111 vidoaici
1431 1026 1485 1142 (⁸)
1518 1055 1616 1111 cum
1651 1026 1845 1113 omnibus
1880 1024 2153 1138 pertineneijs
2189 1056 2340 1118 earun-

655 1227 659 1234 .
681 1160 788 1262 dem,
801 1155 929 1252 'villas
953 1147 1158 1235 Cercouicr‘
1175 1155 1218 1232 et
1237 1147 1455 1232 Lussout'ca'
1472 1145 1526 1262 (⁷)
1548 1146 1778 1260 vulgariter
1794 1147 2031 1257 appellatas
2044 1172 2142 1229 cum
2151 1147 2339 1259 plumbis

666 1289 721 1362 'et
742 1273 937 1361 omnibus
958 1269 1228 1384 pertineneijs
1241 1266 1824 1381 earundum(sic)Redditum
1841 1266 1938 1351 salis
1956 1293 2083 1378 quem
2104 1266 2271 1356 habetis
2292 1280 2337 1361 in

681 1397 868 1483 Ciuitate
891 1390 1166 1480 Oracouiensi
1195 1391 1238 1471 in
1258 1388 1355 1473 loco
1378 1388 1452 1498 qui
1471 1390 1648 1472 vocatur
1681 1386 1913 1498 vulgariter
1949 1380 2248 1498 Araalmuqiam
2268 1389 2338 1504 (⁸).

679 1516 908 1603 Redditum
928 1512 1027 1595 salis
1049 1536 1176 1622 quem
1197 1506 1363 1591 habetis
1385 1507 1428 1588 in
1449 1506 1546 1590 villa
1563 1533 1647 1616 que
1662 1505 1894 1617 vulgariter
1914 1505 2153 1618 appellatur
2173 1507 2341 1594 Bootae

679 1666 778 1721 cum
799 1635 942 1719 Terris
963 1628 1096 1743 pratis
1117 1628 1251 1711 vineis
1273 1626 1518 1712 nemoribus
1539 1625 1743 1739 Vsuagijs
1765 1622 1863 1740 (sic)
1885 1634 1928 1710 et
1947 1626 2120 1736 piscinis
2141 1627 2340 1715 inbosco

613 1833 619 1848 ,
678 1766 722 1840 et
741 1756 869 1867 plano
890 1754 934 1833 in
955 1749 1092 1859 Aquis
1117 1756 1159 1830 et
1178 1743 1428 1832 Molendinis
1448 1749 1492 1828 in
1513 1746 1591 1856 vijs
1617 1756 1660 1828 et
1679 1749 1840 1830 semitis
1869 1756 1912 1830 et
1934 1745 2128 1831 omnibus
2167 1746 2261 1858 alijs
2291 1749 2341 1834 li·

677 1874 915 1960 bertatibus
938 1880 982 1954 et
999 1864 1339 1950 immunitatibus
1361 1868 1462 1950 suis.
1516 1864 1629 1950 Sane
1651 1866 1865 1951 noualium
1884 1873 2119 1950 uestrorum
2140 1895 2224 1978 que
2240 1896 2339 1980 pro·

677 1995 778 2107 prijs
800 1989 1037 2102 sumptibus
1060 1987 1194 2073 colitis
1217 1988 1268 2069 de
1292 1986 1449 2096 quibus
1486 1984 1639 2093 aliquis
1663 1986 1879 2090 'haetenus
1909 2014 1994 2070 non
2024 1987 2215 2095 percepit
2249 1991 2341 2072 sine

680 2118 732 2199 de
753 2098 991 2197 uestrorum
1027 2107 1271 2192 animalium
1302 2107 1582 2189 nutrimentis·
1602 2106 1744 2190 nullus
1768 2135 1794 2188 a
1814 2105 1936 2191 nobis
1959 2107 2146 2190 decimas
2168 2108 2341 2221 exigere

678 2233 748 2319 uel
783 2240 1034 2339 extorquere
1066 2234 1284 2336 presumat
1300 2223 1467 2311 *Liceat
1499 2250 1675 2337 quoque
1709 2225 1832 2311 nobis
1867 2253 2074 2338 personas
2109 2226 2263 2313 liberas
2300 2239 2344 2314 et

680 2350 899 2439 absolutas
922 2379 945 2432 e
967 2346 1110 2455 seculo
1132 2346 1348 2459 fugientes
1381 2347 1436 2430 ad
1457 2347 1776 2432 conuersionem
1806 2348 1994 2460 recipere
2016 2357 2061 2430 et
2079 2370 2151 2430 eas
2174 2347 2344 2461 absque

679 2471 1020 2559 contradiccione
1042 2466 1186 2576 aliqua
1207 2467 1400 2549 retinere.
1449 2463 1728 2550 Prohibemus
1764 2469 1939 2577 insuper
1958 2476 2009 2550 ut
2027 2467 2130 2550 nulli
2149 2494 2340 2554 sororum

678 2602 915 2676 uestrarum
935 2596 1035 2699 post
1054 2585 1214 2671 factam
1236 2587 1279 2668 in
1300 2585 1560 2671 Monasterio
1597 2596 1738 2671 vestro
1775 2587 2079 2697 professionem
2109 2586 2219 2697 phas
2242 2587 2341 2702 (sie)

601 2789 604 2793 r
658 2715 735 2815 ⁸sit
755 2714 845 2797 sine
866 2708 1099 2793 Abbatisse
1119 2733 1195 2790 sue
1215 2706 1393 2791 licencia
1422 2706 1504 2790 nisi
1525 2705 1687 2791 artioris
1724 2705 1960 2821 Religionis
1993 2706 2169 2790 obtentu
2192 2708 2245 2791 de
2268 2736 2341 2793 eo·

680 2833 775 2916 dem
796 2832 889 2914 loco
912 2827 1130 2910 discedere
1153 2826 1443 2926 discedentem
1464 2851 1564 2910 vero
1585 2822 1753 2938 absque
1774 2828 1988 2913 communi
2007 2826 2240 2912 litterarum
2261 2854 2338 2913 no·

601 2946 605 2978 '
679 2961 861 3035 strarum
877 2948 1089 3031 'caucione
1110 2945 1248 3029 nullus
1280 2945 1441 3041 audeat
1470 2947 1650 3028 retinere
1682 2945 1792 3032 Cum
1814 2954 1959 3033 autem
1980 2945 2182 3059 generale
2201 2947 2343 3032 Inter-

681 3071 841 3153 dictum
862 3075 976 3149 terre
996 3065 1121 3149 fuerit
1140 3065 1270 3150 liceat
1305 3063 1436 3151 vobis
1465 3064 1623 3147 clausis
1655 3065 1806 3176 ianuijs
1839 3066 1938 3181 (sic)
1971 3067 2151 3151 exclusis
2173 3093 2343 3153 excom·

677 3186 903 3274 municatis
928 3194 970 3269 et
990 3186 1231 3269 Interdictis
1252 3189 1337 3272 nori
1358 3184 1536 3296 pulsatis
1568 3189 1786 3296 campanis
1817 3214 2050 3299 suppressa
2069 3215 2178 3272 voce
2200 3188 2348 3272 diuina

679 3309 822 3396 officia
852 3304 1066 3389 celebrare
1100 3306 1327 3392 dummodo
1360 3333 1533 3404 causam
1556 3327 1650 3388 'non
1683 3306 1885 3412 dederitis
1914 3307 2145 3392 Interdicto
2178 3306 2346 3394 Orisma

680 3455 780 3514 vero
804 3426 943 3511 oleum
972 3433 1171 3508 sanctum
1202 3426 1553 3512 consecraciones
1587 3422 1794 3509 Altarium
1815 3456 1895 3511 seu
1915 3426 2189 3511 basilicarum
2210 3427 2344 3512 bene·

681 3548 895 3632 diceiones
915 3544 1159 3631 Monialium
1180 3573 1207 3627 a
1230 3545 1470 3657 dyocesano
1507 3545 1748 3653 suscipietis
1779 3547 1994 3658 Episcopo
2027 3546 2237 3655 siquidem
2269 3575 2343 3629 ca·

680 3666 864 3779 thelicus
884 3663 1013 3747 fuerit
1035 3673 1078 3756 et
1098 3666 1288 3775 graciam
1321 3673 1365 3747 et
1396 3662 1690 3749 comunionem
1721 3678 1994 3751 sacrosancte
2016 3665 2206 3751 Romane
2227 3667 2342 3750 sedis

681 3786 878 3870 habuerit
899 3793 943 3866 et
963 3811 1013 3865 ee
1035 3782 1158 3868 vobis
1188 3785 1372 3869 voluerit
1402 3784 1494 3867 sine
1527 3785 1742 3893 prauitate
1773 3787 1921 3898 aliqua
1951 3786 2161 3890 exhibere,
2193 3785 2347 3895 Sepul-

679 3914 818 3987 turam
840 3928 1015 4015 quoque
1034 3902 1166 4011 ipsius
1186 3904 1269 3989 loci
1288 3903 1465 3987 liberam
1496 3929 1590 3986 esse
1613 3903 1879 3990 decernimus
1909 3916 2121 3992 uteorum
2145 3905 2347 3992 deuocio·

679 4025 723 4106 ni
746 4032 788 4105 et
808 4033 994 4105 extreme
1025 4022 1230 4107 voluntati
1262 4024 1337 4134 qui
1367 4051 1414 4109 se
1444 4023 1528 4107 illic
1559 4026 1726 4133 sepeliri
1763 4025 2092 4111 deliberauerint
2126 4026 2208 4107 nisi
2236 4023 2351 4111 forte

681 4142 988 4229 excomunicati
1009 4142 1078 4225 uel
1100 4140 1319 4228 Interdicti
1341 4145 1427 4226 sint
1449 4151 1526 4228 aut
1545 4146 1680 4228 eciam
1695 4144 1862 4255 publice
1878 4145 2055 4256 vsurarij
2072 4144 2212 4228 nullus
2228 4144 2345 4228 obsi-

681 4273 778 4347 stat.
801 4264 926 4346 salua
945 4271 1089 4346 tamen
1124 4265 1292 4348 iusticia
1327 4259 1489 4348 illarum
1527 4264 1801 4351 ecclesiarum
1835 4295 1862 4350 a
1890 4263 2046 4378 quibus
2082 4273 2343 4349 mortuorum

787 4499 827 4662 lli
849 4491 1063 4650 diffiducio
1079 4584 1156 4650 villa
1180 4587 1367 4664 Witlowire‚
1384 4585 1423 4651 de
1435 4603 1500 4670 qua
1516 4582 1550 4649 in
1570 4586 1685 4653 tabula
1699 4586 1817 4655 XVlll
1833 4586 1929 4671 hujus
1946 4586 2025 4653 tomi
2065 4608 2084 4650 a
2109 4634 2118 4652 .
2133 4587 2185 4650 34.
2201 4586 2269 4670 jam
2286 4607 2339 4650 su·

681 4683 741 4751 pra
756 4665 904 4732 diximus.
937 4667 1089 4735 Aliarum
1105 4668 1254 4735 villarum
1270 4669 1342 4737 loca
1359 4670 1393 4735 in
1409 4671 1681 4740 annotationibus
1697 4674 1739 4739 ad
1753 4673 1989 4761 praecedentes
2004 4609 2132 4738 taleriis
2149 4669 2337 4757 designavi-

683 4773 764 4830 mus3
781 4753 867 4816 conf·
884 4773 960 4837 pag.
977 4757 1028 4831 34,
1051 4766 1085 4820 et
1099 4772 1191 4840 seqq.

742 4919 748 4933 .
788 4835 830 4916 (²)
853 4835 1032 4935 Cietlrowira
1046 4849 1080 4903 et
1094 4839 1280 4918 Laszewiea
1293 4840 1389 4905 villae
1403 4841 1486 4909 sitae
1496 4843 1530 4908 in
1544 4842 1737 4929 Reipublicae
1752 4844 1832 4910 clim
1847 4842 2133 4919 Cracovieusium
2156 4843 2263 4930 Regni
2276 4841 2341 4906 Po-

683 4920 790 4984 lemae
802 4918 947 4985 moderor
962 4921 1133 4990 finitimae·

790 5007 829 5087 (Β)
854 5004 907 5070 Ad
925 5004 971 5072 sal
987 5030 1148 5095 magnum.
