5409 6309
358 1058 456 1113 oum
492 1027 684 1112 omnibus
719 1024 967 1110 utilitatibus
990 1033 1032 1106 et
1050 1022 1345 1139 proventibus,
1383 1019 1639 1108 Omethones
1673 1050 1774 1109 vero
1806 1024 1878 1136 qui
1909 1019 2012 1107 inibi

358 1148 485 1235 locati
515 1144 669 1229 fuerint
699 1175 826 1257 super
855 1144 969 1256 agris
991 1141 1114 1226 cultis
1136 1142 1261 1225 dietis
1277 1141 1485 1252 Starzyny‚
1507 1151 1602 1226 octo
1624 1170 1777 1248 annos,
1797 1171 1922 1253 super
1943 1142 2014 1226 sil·

359 1268 423 1352 vis
443 1265 596 1377 viginti
616 1292 749 1350 annos
770 1266 938 1374 plenam
960 1271 1003 1344 et
1023 1261 1305 1347 omnimodam
1326 1260 1517 1345 habeant
1535 1258 1791 1366 libertatem,
1825 1264 2014 1372 expirata

361 1385 556 1470 libertate
578 1383 632 1466 de
654 1383 844 1495 quolibet
862 1407 1010 1465 manso
1032 1376 1213 1462 mediam
1235 1407 1422 1463 marcam
1442 1406 1519 1488 pro
1541 1405 1671 1461 censu
1692 1381 1869 1492 singulis
1890 1382 2012 1464 annis

360 1505 403 1587 in
423 1504 553 1587 Festo
573 1501 697 1591 Beati
718 1502 884 1593 Martini
905 1499 1027 1605 nobis
1046 1527 1124 1585 seu
1144 1508 1287 1583 nostro
1307 1498 1563 1587 Monosterio
1591 1497 1832 1606 Tyneemsi
1853 1499 2015 1585 solvere

360 1622 629 1707 tenebuntur:
669 1621 885 1706 Soultetus
920 1647 1020 1703 vero
1057 1629 1218 1700 sextum
1242 1619 1459 1701 denarium
1481 1618 1753 1719 Censualem,
1783 1618 2017 1704 reservabit

360 1771 436 1853 pre
457 1740 805 1848 nobisquinque,
825 1739 862 1823 A
885 1736 1075 1849 qualibet
1104 1762 1243 1844 poena
1272 1740 1442 1820 tertium
1468 1734 1682 1819 denarium
1703 1736 2018 1823 Sanitatussffii

359 1862 546 1971 recipiet
597 1859 691 1943 Non
726 1859 821 1968 plus
855 1856 1034 1970 quilibet
1071 1855 1222 1940 Ometo
1257 1856 1337 1940 nisi
1371 1856 1576 1940 fertonem
1599 1879 1676 1964 pro
1698 1857 1863 1939 deoima
1890 1859 2015 1941 nobis

360 1979 662 2089 praesentabit.
714 1976 898 2062 Prandia
932 1978 1010 2060 tria
1043 1975 1085 2056 in
1118 2003 1246 2079 anno,
1282 2003 1358 2085 pro
1383 1970 1588 2084 'quolibet
1621 1972 1803 2084 prandio
1836 1970 2019 2089 quatuor

233 2188 240 2199 „
363 2098 535 2202 Scotos,
569 2096 832 2181 Kmethones
864 2096 947 2185 duo
977 2096 1174 2205 prandia,
1207 2093 1423 2179 Scultetus
1461 2122 1611 2199 unum,
1650 2098 1839 2205 expirata
1874 2106 2018 2179 tamen

361 2217 567 2303 libertate.
600 2216 815 2300 dudioium
838 2242 936 2299 vero
958 2243 1160 2325 magnum
1183 2226 1246 2297 ter
1262 2216 1303 2295 in
1322 2241 1433 2298 anno
1453 2242 1529 2324 per
1549 2240 1626 2297 nos
1648 2215 1715 2297 vel
1735 2244 1809 2324 per
1830 2226 2019 2303 nostrum

362 2335 529 2423 fidelem
551 2338 743 2417 nuntium
762 2333 1028 2417 iudicabitur.
1075 2332 1157 2419 Pro
1179 2333 1336 2416 honore
1358 2361 1458 2417 vero
1479 2340 1621 2417 nostro
1642 2334 1683 2417 in
1702 2330 2021 2449 'Paschaquili-

363 2456 439 2538 bet
460 2454 609 2541 (lmeto
633 2455 780 2536 decem
802 2482 894 2555 ova,
925 2481 1055 2533 unum
1079 2481 1263 2536 caseum.
1313 2450 1470 2536 Omnes
1493 2479 1591 2537 vero
1614 2446 1871 2537 Ometbones
1893 2482 2021 2539 unam

362 2604 536 2687 pernam
559 2572 744 2656 carnium
765 2601 842 2682 pro
865 2579 960 2657 outo
983 2598 1168 2682 grossos
1230 2570 1393 2655 Damus
1415 2574 1550 2657 eidem
1573 2568 1766 2659 Sculteto
1789 2568 1903 2687 quod
1926 2572 2021 2659 nul·

362 2692 428 2776 las
450 2691 547 2807 (sic)
571 2691 699 2775 debet
733 2693 988 2801 respondere
1009 2692 1087 2776 nisi
1110 2717 1250 2774 eoram
1288 2691 1411 2774 nobis
1433 2693 1477 2772 in
1497 2700 1641 2777 nostra
1684 2690 1877 2793 Curiain
1896 2688 2023 2775 Kola-

364 2839 475 2922 szyce
497 2839 638 2896 coram
660 2821 823 2920 septem
846 2809 1044 2895 Scultetis
1070 2808 1100 2892 J
1104 2839 1174 2891 ure
1199 2808 1468 2937 Theutonico
1490 2821 1533 2893 et
1553 2811 1682 2892 citare
1703 2806 1917 2895 tenebitur
1937 2801 2024 2895 non

365 2959 462 3014 enm
485 2932 668 3017 alionisi
691 2958 786 3012 eum
809 2931 962 3013 annulo
999 2939 1162 3034 nostro;
1200 2929 1442 3041 praedictus
1478 2956 1580 3013 vero
1617 2927 1849 3033 Scultetus
1868 2929 2024 3012 serviet

365 3051 487 3133 nobis
507 3051 550 3131 in
572 3076 682 3161 equo
704 3077 800 3130 curn
821 3048 993 3150 balista,
1031 3048 1130 3128 dum
1167 3048 1378 3155 expeditio
1407 3046 1535 3130 fuerit
1567 3049 1795 3161 generalia
1825 3046 1893 3131 vel
1925 3045 2025 3130 dum

365 3170 486 3252 nobis
508 3167 740 3250 necessitas
763 3166 903 3265 fuerit,
928 3165 1057 3249 debet
1077 3167 1232 3249 servire
1256 3176 1298 3248 et
1318 3168 1460 3251 venire
1482 3167 1538 3249 ad
1558 3193 1635 3250 nos
1658 3166 1713 3249 ad
1730 3169 1929 3277 Castrum
1949 3176 2026 3251 no-

366 3296 498 3371 strum
538 3284 694 3383 Goleaz,
732 3284 989 3389 Cmethones
1021 3311 1120 3369 vero
1152 3286 1285 3368 nullas
1308 3286 1412 3371 alias
1435 3285 1594 3369 debent
1613 3285 1865 3398 respondere
1889 3294 1931 3368 et
1954 3312 2025 3371 co-

367 3435 458 3491 ram
481 3404 592 3489 nullo
614 3406 694 3487 nisi
715 3406 757 3486 in
779 3434 856 3490 sua
876 3402 1138 3487 haereditate
1171 3431 1313 3488 eoram
1355 3405 1477 3490 nobis
1500 3406 1567 3491 vel
1587 3406 1775 3515 ipsorum
1818 3398 2024 3493 sculteto.

367 3525 575 3610 Addimus
590 3524 808 3633 praedicto
825 3534 970 3607 nostro
988 3522 1178 3607 Sculteto
1195 3525 1454 3632 praedictam
1473 3524 1724 3610 Scultetiam
1743 3525 2026 3625 omnimodam
2114 3554 2118 3569 ·

368 3644 526 3729 habere
548 3642 796 3726 facultatem
817 3643 1046 3747 vendendi,
1067 3644 1376 3749 commutandi,
1399 3642 1609 3726 alienandi
1632 3656 1673 3728 et
1694 3644 1748 3728 ad
1769 3671 1872 3747 usus
1891 3646 2024 3753 ipsius

369 3763 660 3871 convertendi,
690 3774 835 3848 nostra
865 3774 1004 3843 tamen
1027 3762 1243 3846 voluntate
1264 3763 1651 3873 prius-praehabita
1674 3772 1716 3845 et
1738 3762 1789 3849 de
1810 3763 2028 3849 voluntate

368 3876 499 3968 nostri
521 3881 777 3966 Conventus.
829 3880 879 3964 In
901 3884 1020 3965 ouius
1041 3884 1101 3964 rei
1122 3881 1406 3965 testimonium
1448 3884 1732 3991 praesentium
1762 3879 1862 3995 ¹(sio)
1884 3893 2029 3969 nostra

372 4000 520 4112 Sigilla
540 4015 638 4083 sunt
659 4030 859 4112 appensa.
911 3998 1071 4086 Datum
1091 4002 1133 4082 in
1154 3999 1198 4082 M
1201 4003 1410 4087 onasterio
1432 4003 1473 4083 in
1497 3994 1643 4111 Tpnlee'
1662 4003 1705 4084 in
1727 4003 1910 4085 crastino
1940 4003 2027 4086 Na·

370 4122 544 4202 tivitatis
566 4119 672 4203 desu
693 4120 849 4206 Christi
873 4119 962 4205 Sub
985 4122 1108 4203 Anno
1130 4118 1300 4202 Domini
1321 4121 1540 4204 Millesimo
1568 4121 1885 4205 Treeentasimo
1909 4134 2026 4203 octu-

370 4241 560 4349 agesimo
591 4241 726 4323 tertio.
789 4239 1086 4323 Praesentibus
1118 4236 1328 4323 Michaele
1351 4240 1402 4323 de
1427 4237 1608 4340 Fullroro,
1640 4238 1765 4327 Petro
1789 4238 1904 4323 dicto
1923 4237 2027 4327 Kat-

370 4356 538 4463 nicode
560 4355 761 4455 Olesru'cu,
798 4358 1044 4470 Magnussio
1080 4356 1268 4441 Plebano
1291 4359 1343 4442 de
1367 4359 1533 4468 Tyuiee,
1570 4360 1696 4445 Petro
1728 4359 1780 4440 de
1804 4355 2027 4469 Geryonem,

372 4476 506 4561 Paulo
537 4477 699 4580 Priore,
731 4476 899 4560 Joanne
931 4480 1105 4588 antiquo
1138 4473 1328 4579 Abbate,
1359 4477 1566 4585 Krzyslao
1587 4477 1833 4587 Praeposito
1856 4475 1951 4561 olim
1973 4478 2029 4561 ad

373 4592 580 4685 Sanctum
609 4595 903 4692 Laurentium,
931 4606 1109 4706 totoque
1142 4592 1385 4699 Conventu,
1417 4592 1585 4683 Joanne
1608 4597 1848 4685 castellano
1869 4594 2030 4708 Voyni-

373 4715 525 4820 elensi,
545 4711 751 4826 Gregorio
774 4715 827 4797 de
849 4715 1070 4799 Morauica
1090 4722 1136 4796 et
1155 4712 1245 4822 alys
1267 4716 1606 4828 quampluribus
1627 4718 1713 4802 fide
1736 4718 1888 4830 dignis.
1913 4766 1915 4775 ‹

529 5081 611 5126 fenus
623 5082 663 5124 ΙΙΙ.
1224 5094 1226 5103 ’
1784 5085 1825 5147 42
