5409 6309
1342 1288 1377 1355 ·'
1416 1285 1616 1402 cxxvi.

1034 1538 1491 1657 &mamae-1³
1507 1538 1805 1677 mursia
1822 1561 1991 1677 am

673 1760 968 1839 ursorum
989 1732 1232 1830 noeticae
1253 1759 1370 1847 ocus,
1387 1759 1499 1833 uere
1514 1758 1610 1850 nugs
1630 1760 1773 1835 sonsa
1790 1752 1830 1833 a
1852 1760 1918 1840 ou
1934 1761 2159 1852 onmes,
2179 1765 2221 1838 rr
2241 1712 2351 1857 m

673 1864 1028 1957 Strczoonisprrsposili
1041 1865 1075 1935 ot
1090 1862 1263 1937 &tunsos
1278 1861 1448 1951 magistras
1466 1862 1709 1953 stacionensis,
1730 1880 1837 1935 onnes
1854 1862 1947 1934 vilar
1960 1866 2140 1937 mutii
2154 1865 2274 1961 tolus
2287 1889 2347 1961 po·

948 1963 1046 2037 lonico
1060 1960 1297 2034 inuutonioun
1319 1956 1466 2034 nodone
1481 1962 1644 2051 nmina,
1670 1964 1783 2036 conclu
1806 1957 2004 2056 pernitionis
2020 1964 2075 2052 (ὁ).

713 2214 718 2223 ·
777 2172 829 2258 In
863 2170 1034 2257 nomine
1073 2168 1231 2254 domini
1266 2196 1403 2252 amen.
1467 2166 1680 2268 Quoniam
1710 2178 1759 2254 vt
1788 2173 1850 2253 ait
1868 2170 2100 2281 apostolus
2122 2174 2198 2287 qui
2217 2200 2347 2286 parce

571 2300 576 2311 ’
676 2290 856 2377 seminat
874 2317 1003 2401 parce
1027 2297 1072 2370 et
1088 2296 1234 2371 metet.
1283 2284 1343 2372 Et
1364 2284 1439 2399 qui
1460 2288 1513 2369 de
1533 2290 1910 2373 benediccionibns
1938 2290 2121 2407 seminat
2142 2291 2195 2375 de
2214 2290 2348 2378 bene·

677 2410 941 2496 diccionibus
961 2416 1094 2490 metet
1112 2407 1245 2491 vitam
1267 2404 1579 2514 sempiternam.
1621 2404 1710 2490 Nos
1732 2404 1862 2517 igitur
1883 2406 2140 2495 Wladislaus
2163 2410 2230 2492 dei
2252 2438 2349 2524 grs-

676 2534 742 2614 cia
762 2526 864 2613 Dur
885 2526 1094 2614 Oracouie
1116 2517 1379 2609 Sandomirie
1414 2522 1592 2635 Syradie
1626 2518 1828 2608 Lancicie
1862 2525 2143 2640 Cuyauiequo
2183 2558 2350 2618 necnon

531 2672 534 2677 ’
638 2679 640 2683 ’
676 2651 798 2732 heres
834 2644 974 2758 Regni
1009 2642 1196 2730 Polonie.
1258 2636 1398 2726 Huius
1430 2638 1537 2723 sacri
1572 2638 1729 2754 eloquii
1750 2640 1915 2754 grande
1936 2644 2168 2731 misterium
2210 2656 2350 2732 atten-

677 2764 827 2849 dentes
844 2762 1037 2874 spiritum
1054 2760 1193 2845 cordis
1208 2758 1341 2844 nostri
1357 2761 1494 2844 exalto
1518 2757 1615 2872 (sic)
1631 2759 1846 2844 'emisimus
1862 2760 2120 2847 notificando
2142 2768 2350 2857 vniuersis
2478 2852 2482 2859 ,

536 2870 548 2885 ”
676 2896 765 2968 tam
785 2880 1061 2991 presentibus
1078 2904 1207 2991 qnam
1229 2874 1379 2963 firturis
1397 2876 1452 2960 ad
1470 2902 1651 2989 quorum
1670 2876 2001 2991 intelligenciam
2020 2906 2193 2990 presens
2216 2888 2349 2971 series
2449 2874 2457 2885 ’

675 3004 905 3087 litterarum
939 2998 1070 3082 filerit
1106 2998 1328 3101 deuoluta,
1365 2990 1493 3096 Quod
1525 2996 1634 3077 diem
1667 3007 1900 3080 extremum
1922 3001 2139 3110 cupientes
2153 3000 2284 3086 -bonis
2307 3015 2352 3087 et

676 3123 756 3231 piis
779 3118 976 3235 operibus
1004 3119 1247 3228 preuenire,
1279 3130 1460 3315 gnomis
1491 3115 1807 3198 intervencione
1838 3140 2048 3227 congrua,
2066 3190 2070 3195 .
2090 3144 2195 3204 sana
2217 3132 2262 3204 et
2281 3142 2351 3205 sa·

677 3239 787 3322 lubrl
806 3264 891 3322 non
913 3234 1142 3319 diffidimus
1162 3232 1206 3314 in
1229 3260 1281 3316 ea
1314 3262 1382 3315 em
1418 3258 1616 3344 mensura
1651 3234 1846 3316 remeteri
1881 3237 2043 3318 vitain
2074 3235 2229 3320 nara.
2282 3234 2350 3324 Ad

677 3355 931 3439 instanciam
952 3362 996 3436 et
1015 3352 1272 3463 peticionem
1292 3350 1371 3434 viri
1392 3350 1580 3461 religiosi
1608 3349 1750 3434 fratris
1785 3351 2005 3435 Strezconis
2036 3356 2192 3438 ordinis
2214 3354 2351 3441 sancti

678 3472 899 3557 Benedicti
934 3473 1138 3579 prepositi
1176 3469 1358 3554 Oenobii
1379 3468 1431 3549 de
1455 3466 1679 3567 Stanetllci,
1712 3499 1762 3552 ac
1782 3468 1988 3583 Magistro
2026 3472 2223 3563 Slaunice
2261 3460 2350 3560 To·

679 3594 857 3703 ci'usque
900 3596 1136 3673 conuentus
1172 3613 1361 3671 sororum
1404 3587 1591 3668 eiusdem
1632 3586 1890 3673 Monasterii.
1952 3587 2228 3674 Hereditates
2268 3591 2351 3689 Ce-

680 3706 798 3794 nobii
849 3706 1057 3815 eiusdem,
1107 3702 1305 3791 videlicet
1344 3696 1578 3821 §tonellis
1623 3700 1772 3795 Gdrlca
1813 3702 1981 3818 Zogorc.
2020 3698 2233 3823 Slopsrz'roq.
2273 3711 2351 3794 Bi-
2451 3700 2455 3711 ’

681 3852 772 3907 num
808 3817 1010 3908 lacerae
1026 3820 1030 3825 “
1046 3820 1267 3935 Woogcrce
1288 3806 1550 3933 (⁹)'P0dloac
1572 3820 1627 3935 (²)
1664 3820 1882 3909 Laconia·
1899 3822 1966 3939 (⁴)
2009 3823 2211 3909 Gorslcow.
2247 3826 2351 3910 Bre-

787 4058 831 4137 (¹)
850 4052 903 4122 Ex
919 4050 1102 4139 archetypo
1118 4050 1368 4120 membranaceo
1386 4052 1578 4135 Staniatciis
1594 4064 1766 4121 asservato
1783 4056 1963 4124 Slawirislri
1982 4057 2092 4124 descri
2119 4058 2172 4124 sit.
2205 4058 2281 4125 Filo
2295 4082 2351 4129 sos

679 4141 752 4207 'rico
768 4139 885 4206 viridis
902 4139 1025 4206 coloris
1042 4160 1224 4224 appensum
1240 4138 1383 4225 sigrllum
1398 4140 1489 4222 quod
1504 4137 1605 4225 vulgo
1628 4141 1867 4224 majestaticum
1884 4143 2005 4207 dicitur
2022 4081 2178 4208 videlicet
2192 4144 2351 4211 maximae

682 4226 820 4307 formae,
835 4233 1089 4311 repraesentans
1106 4224 1268 4307 juvenem
1295 4223 1481 4310 principem
1510 4225 1580 4288 sine
1604 4223 1706 4289 barba
1713 4248 1723 4307 3
1747 4226 1906 4312 princeps
1922 4249 1963 4291 ex
1980 4237 2117 4312 utraque
2133 4236 2228 4312 parte
2243 4227 2350 4294 vultus

680 4310 794 4377 densis
809 4309 955 4374 crinibus
981 4307 1171 4395 insignitus,
1190 4308 1224 4371 in
1242 4309 1351 4393 capite
1369 4320 1505 4394 gestans
1528 4330 1698 4390 coronam,
1716 4309 1834 4376 dextra
1847 4334 1944 4375 manu
1960 4311 2113 4376 vexillum
2129 4322 2221 4389 tenet
2235 4312 2270 4377 in
2285 4334 2351 4395 quo
2373 4298 2383 4319 '

683 4394 886 4463 Polonornm
909 4392 1019 4476 aquilo
1045 4392 1261 4477 conspicitur.
1296 4392 1389 4456 Infra
1402 4415 1483 4458 vero
1500 4416 1541 4457 ex
1557 4402 1651 4477 parte
1667 4402 1806 4479 utraque
1822 4394 1919 4460 etiarn
1936 4395 2001 4460 duo
2018 4407 2114 4464 scuta
2128 4396 2351 4482 triangularis,

682 4480 715 4543 in
731 4480 849 4544 dextra
862 4478 972 4561 aquila
998 4474 1166 4563 polonica,
1183 4476 1368 4542 insinistra
1393 4487 1501 4542 autem
1527 4477 1645 4543 animal
1671 4479 1812 4545 biforme
1840 4479 2041 4547 dimidiatum
2067 4479 2195 4564 aquilae
2219 4491 2253 4545 et
2274 4496 2350 4567 gry·

642 4616 647 4629 .
682 4563 739 4647 phi
755 4563 860 4647 tergis
876 4584 950 4628 sese
979 4561 1259 4649 contingentium
1286 4583 1388 4645 supra
1411 4560 1477 4626 hoc
1493 4571 1620 4627 scutum
1647 4563 1742 4650 galea
1765 4586 1849 4629 cons
1876 4565 1984 4646 icitur,
2011 4566 2106 4652 cujus
2129 4587 2208 4651 pars
2229 4587 2353 4632 smnma

683 4646 802 4732 plumis
819 4646 860 4711 ad
876 4645 1120 4734 similitudinem
1128 4645 1213 4739 alae
1223 4654 1384 4711 exornata
1398 4656 1459 4712 cst.
1485 4646 1524 4711 In
1539 4643 1663 4714 ambitu
1678 4647 1779 4735 sigilli
1793 4588 1906 4715 verla:
1939 4650 2136 4716 chdislavs
2151 4651 2205 4717 dei
2216 4675 2275 4738 pru
2290 4651 2352 4716 dass

607 4781 614 4785 -
683 4732 990 4796 cracovicsondomir
1004 4732 1095 4794 tired
1106 4731 1231 4811 laniciel
1247 4733 1399 4810 caicus).
1787 4766 1793 4773 ·

788 4813 832 4891 (²)
863 4813 1010 4910 WtWo
1036 4812 1116 4877 villa
1144 4814 1272 4897 antiqui
1300 4814 1535 4883 Cracoviensis
1550 4815 1759 4903 palatinatus,
1781 4816 1930 4904 regionis
1945 4815 2233 4903 Szczyrzece'nsis,
2253 4838 2358 4903 paron
2451 4868 2456 4877 .
2496 4820 2505 4826 “

684 4894 777 4964 chiae
793 4894 1090 4977 Bodzanovrcnsis‚
1106 4896 1206 4964 hodie
1225 4899 1260 4963 in
1275 4920 1380 4985 regno
1397 4898 1568 4968 Galliciae.

788 4979 830 5063 (⁸)
853 4979 1012 5061 Podlste.
1057 4984 1100 5063 (⁴)
1121 4982 1334 5063 Letkowice.
1398 5082 1401 5087 Δ
1436 5054 1439 5057 ,
