5409 6309
1055 859 1104 877 -
1156 821 1228 895 3ὓῖ
1278 821 1333 879 ’-

367 1026 564 1112 memorie
597 1023 848 1111 venerabilis
868 1053 921 1110 ac
940 1023 1180 1136 Religiosus
1212 1027 1275 1110 vir
1306 1025 1499 1110 dominus
1529 1023 1738 1111 Orcailrus
1775 1036 2016 1115 antecessor

275 1159 279 1164 “
367 1154 510 1232 noster
539 1174 635 1229 curn
677 1145 904 1232 Oonuentu
924 1172 1001 1229 suo
1020 1145 1262 1255 Monasterij
1303 1144 1611 1230 Mechouiensis
1631 1153 1676 1228 et
1693 1146 1945 1231 venerabilis
1967 1175 2019 1233 ac

369 1265 609 1376 Religiosus
630 1266 693 1348 vir
712 1263 841 1349 frater
870 1265 1054 1350 Mathias
1084 1264 1321 1375 prepositus
1353 1291 1450 1346 cum
1471 1291 1546 1348 suo
1570 1264 1794 1349 conuentu
1829 1293 2019 1350 sororum

368 1382 759 1471 Sanctimonialium
798 1384 1043 1495 Monasterij
1065 1384 1117 1466 de
1140 1381 1356 1491 Stanontlry
1392 1382 1668 1466 amicabiliter
1708 1385 2020 1491 conuenientes,

365 1503 649 1617 proquodam
685 1512 829 1588 meatu
849 1529 926 1587 seu
945 1504 1126 1588 transitu
1159 1501 1274 1607 fluuii
1312 1499 1445 1606 Visle,
1468 1504 1542 1612 qui
1563 1503 1853 1587 circumdabat
1884 1530 2022 1616 quon·

368 1626 467 1709 darn
502 1621 688 1705 Insulam
724 1651 802 1707 seu
836 1622 985 1708 siluam
1007 1623 1064 1705 ad
1083 1621 1222 1706 villam
1257 1621 1502 1729 Monasterij
1538 1621 1670 1705 nostri
1700 1620 2021 1741 Mechouiensis,

368 1742 526 1826 dietam
547 1741 821 1826 Msczarrczr‘no
837 1743 1116 1852 pertinentem
1136 1767 1268 1851 seque
1284 1740 1328 1822 in
1342 1741 1516 1852 longum
1535 1765 1682 1824 versus
1702 1741 1841 1834 villam
1865 1743 2020 1827 dictam

373 1857 576 1973 Yyolorm‘n
596 1858 651 1974 (²)
674 1860 986 1965 extendentem,
1007 1859 1142 1945 Cuius
1162 1859 1278 1969 fluuij
1302 1857 1428 1963 Visle,
1447 1858 1568 1943 littus
1589 1870 1692 1942 tunc
1713 1861 1768 1943 ad
1785 1860 1927 1944 villam
1946 1889 2023 1946 no·

366 1988 497 2064 stram
519 1980 788 2063 Maeroaczr'no
810 2008 862 2063 ex
881 2007 967 2065 vna
985 1990 1125 2092 parte,
1148 2007 1198 2061 ex
1221 1978 1307 2062 alia
1326 2006 1426 2063 vero
1449 1979 1505 2061 ad
1524 1979 1667 2062 villam
1689 1978 1908 2091 Tropiszow
1929 1979 2021 2086 Mo-

366 2097 536 2205 nasterij
559 2093 613 2193 de
635 2096 865 2209 Stonontlcy,
886 2098 1147 2209 pertinebat,
1181 2125 1257 2207 pro
1293 2097 1475 2181 vtilitate
1505 2099 1787 2208 predictorum
1809 2097 2024 2182 Monaste-

364 2219 535 2303 riorium
563 2217 694 2301 nostri
724 2216 925 2300 videlieet
963 2216 1273 2302 Mechouiensis
1296 2224 1339 2298 et
1359 2214 1601 2326 Monasterij
1624 2217 1676 2299 de
1698 2214 1889 2327 Stonotlcy
1912 2215 2022 2332 (sic),

366 2333 495 2421 talem
537 2335 850 2419 ordinacionem
888 2339 996 2418 inter
1016 2363 1062 2418 se
1083 2334 1290 2418 fecissent
1314 2331 1441 2433 Quod
1480 2335 1590 2417 idem
1612 2345 1859 2446 antecessor
1879 2348 2023 2425 noster
2171 2341 2174 2352 '

368 2455 560 2544 dominus
603 2451 812 2538 Ozczikus
846 2448 931 2563 'per
958 2464 1123 2564 partem
1145 2453 1256 2535 dicte
1277 2455 1410 2538 insule
1432 2480 1508 2536 sue
1529 2482 1606 2537 sau
1628 2454 1746 2540 Silue
1766 2483 1901 2540 nowm
1925 2459 2024 2571 (sic)
2080 2473 2090 2488 “

366 2584 555 2657 meatum
590 2598 667 2654 seu
700 2573 923 2656 transitum
960 2574 1063 2658 dicti
1097 2573 1214 2681 fluuij
1252 2571 1381 2657 Visla.
1417 2572 1597 2678 faceret,
1627 2575 1700 2659 vbi
1720 2601 1910 2685 pronunc
1930 2579 2024 2687 ipse

365 2694 521 2777 fluuius
542 2689 660 2775 Visla
678 2692 830 2774 transit
850 2701 895 2775 et
914 2693 1080 2800 defluit,
1103 2701 1146 2775 et
1166 2694 1396 2801 exantiquo
1420 2690 1517 2809 (sic)
1539 2702 1684 2777 meatu
1713 2696 1804 2776 siue
1843 2699 2024 2780 transitu

367 2812 469 2895 dicti
488 2809 606 2919 fluuij
638 2808 755 2895 Visla
782 2810 904 2895 lacus
936 2812 1147 2925 wlgariter
1180 2811 1378 2895 Necrecza
1410 2839 1488 2922 pro
1522 2813 1704 2895 vtilitate
1738 2814 2022 2921 predictorum

365 2930 716 3015 Monasteriorum
756 2932 889 3014 nostri
928 2931 1127 3017 videlicet
1161 2929 1473 3014 Mechouiensis
1511 2940 1555 3013 et
1587 2930 1831 3039 Monasterij
1854 2932 1907 3014 de
1928 2932 2022 3016 Sto·

292 3075 296 3086 ’
364 3047 509 3159 nantky
530 3046 667 3151 fieret,
688 3047 756 3130 Ita
777 3056 920 3131 tamen
944 3050 1058 3160 quod
1081 3050 1195 3132 dicta
1226 3047 1392 3153 Insula,
1423 3077 1500 3134 seu
1530 3049 1656 3156 silua,
1688 3064 1772 3163 que
1793 3047 1873 3131 fuit
1895 3060 1963 3133 est
1982 3063 2026 3137 et

365 3169 445 3252 erit
463 3166 572 3249 inter
594 3167 816 3274 antiquum
838 3178 880 3250 et
898 3195 1035 3253 nowrn
1065 3177 1251 3252 meatum
1275 3168 1375 3251 dicti
1396 3167 1513 3277 fluuij
1536 3167 1654 3254 Visla
1688 3196 1715 3251 a
1742 3166 1908 3278 prefato
1929 3169 2023 3256 Mo-

364 3287 547 3371 nasterio
568 3295 711 3368 nostro
732 3285 1022 3372 Mechouiensi
1042 3277 1337 3398 inperpetuum
1379 3288 1551 3371 alienari
1582 3287 1820 3373 nullomodo
1853 3288 2027 3376 deberet

326 3451 328 3454 ·
364 3433 505 3518 neque
528 3403 674 3507 debet,
690 3407 862 3488 racione
883 3408 1004 3491 cuius
1024 3406 1233 3491 fossature
1255 3434 1331 3489 seu
1350 3408 1635 3517 permissionis
1677 3407 2023 3521 (premissionisll

366 3523 478 3637 aque
498 3523 676 3634 predicti
696 3524 813 3631 fluuij
832 3523 947 3608 Visle
962 3555 1038 3636 per
1052 3527 1135 3610 iam
1158 3529 1321 3609 dictam·
1335 3536 1522 3612 nostram
1545 3527 1731 3612 Insulam
1752 3555 1830 3609 seu
1852 3526 2023 3634 Siluam,

365 3646 587 3728 adiunctus
619 3642 886 3753 estquidam
919 3645 1036 3730 lacus
1068 3650 1238 3757 antiquo
1261 3644 1361 3760 (sie)
1392 3648 1466 3755 qui
1486 3646 1713 3755 spectabat
1733 3646 1787 3728 ad
1808 3643 2025 3731 Monaste-
2136 3663 2141 3670 '

320 3833 326 3848 .
365 3762 473 3848 rium
495 3763 547 3845 de
569 3760 800 3871 Stoocntky,
824 3764 880 3845 ad
901 3765 1159 3849 antedictum
1195 3765 1334 3848 lacum
1369 3765 1579 3878 wlgariter
1618 3766 1815 3852 Ncczecza
1855 3766 2025 3869 dictum,

364 3892 570 3990 tanquam
591 3880 645 3962 de
664 3906 775 3966 nouo
796 3880 975 3986 factum,
996 3883 1062 3968 Ex
1082 3885 1237 3997 quibus
1258 3884 1439 3969 lacubus
1460 3886 1520 3967 sic
1541 3894 1590 3967 ut
1608 3884 1817 3995 prefertur
1834 3883 1959 3970 sactis
1979 3895 2024 3969 et

366 4001 533 4083 insimul
563 3999 736 4102 iunctis,
768 4002 893 4087 ambo
924 4004 1184 4098 Monasteria
1213 4015 1401 4089 nostrum
1431 4003 1629 4088 videlicet
1659 4004 1958 4089 Mechouiense
1980 4016 2025 4091 et

366 4116 668 4202 Monasterium
700 4117 753 4199 de
784 4117 1002 4232 Stanantlcy
1036 4152 1188 4208 census
1220 4124 1312 4207 siue
1342 4124 1580 4234 piscaturas
1609 4128 1652 4207 in
1682 4122 1807 4208 simul
1837 4124 2026 4235 quolibet

368 4263 478 4322 anno
512 4238 729 4349 percipere
761 4236 977 4324 debebant
1008 4255 1051 4326 et
1079 4243 1349 4353 postmodum
1380 4243 1690 4353 percipiebant,
1728 4241 1814 4327 Sed
1849 4243 1951 4352 quia
1971 4273 2024 4342 ex

368 4358 483 4440 dicta
514 4357 767 4441 simultanea
799 4365 841 4438 et
871 4365 1080 4445 communi
1100 4364 1381 4473 percepcione
1401 4389 1604 4447 censuum
1628 4392 1680 4447 ex
1702 4362 1822 4444 dictis
1842 4361 2023 4447 lacubus

365 4477 711 4587 prouenienoium
732 4503 808 4584 per
829 4487 1120 4565 antecessores
1141 4492 1307 4567 nostros
1326 4481 1443 4568 facta
1465 4492 1507 4594 et
1528 4484 1720 4567 ordinata
1751 4484 2024 4592 quamsepius

366 4595 529 4680 fiebant
546 4595 639 4678 lites
662 4603 704 4676 et
726 4594 931 4679 discordie
952 4599 1059 4683 inter
1078 4601 1172 4711 ipsa
1200 4602 1457 4687 Monasteria
1486 4611 1677 4686 nostrum
1708 4601 1904 4686 videlicet
1932 4601 2023 4686 Me-

474 4812 511 4893 l²l
537 4777 678 4894 Mancia,
693 4810 817 4877 villain
833 4813 967 4898 antiqua
993 4813 1206 4883 Cracoiienri
1228 4818 1401 4903 provincia
1414 4827 1447 4883 et
1463 4819 1723 4907 Szezyrzycensi
1754 4819 1899 4907 regione,
1925 4819 2023 4887 hodio

366 4900 399 4965 in
414 4897 565 4975 Gallicis,
580 4896 754 4983 parochiae
770 4896 1072 4983 Niepolomioensis
1096 4902 1258 4992 Ipolomia
1273 4903 1360 4982 villa,
1379 4925 1456 4969 suae
1471 4905 1647 4990 parochiae
1662 4915 1763 4991 eaput
1776 4906 1811 4971 in
1826 4906 1941 4993 Regno
1956 4907 2021 4973 Po·

366 4982 473 5050 Ioniae
489 4983 645 5050 moderno
663 4984 698 5049 in
712 4983 848 5070 regione
863 4984 1132 5056 Proszowicensi.
1157 4986 1281 5072 dicaris
1295 4999 1329 5090 et
1344 4989 1504 5078 [polemio
1518 4999 1594 5055 sunt
1607 4988 1649 5056 ad
1662 4991 1860 5063 Vistulama
