5409 6309
1093 816 1345 888 ..55-

358 997 446 1111 ‘ins
467 1022 610 1099 autem
629 1006 736 1094 facti
771 1017 903 1110 testes
938 1021 1049 1095 sunt.
1081 1009 1315 1121 Budjalaus
1351 1013 1460 1097 filius
1496 1011 1717 1098 Stasconis
1741 1013 1810 1130 (?).
1854 1017 2047 1112 Jacobus

300 1129 303 1136 ’
377 1131 735 1222 subcamerarius.
769 1125 892 1210 Vitus
913 1128 1137 1237 subjudex.
1171 1132 1364 1213 Thomas
1387 1129 1646 1239 subdapifer.
1682 1131 2051 1232 Sbilutussubda·

377 1247 496 1356 pins.
540 1247 569 1329 d
573 1249 764 1348 ohannes
805 1246 1090 1354 subpincerna
1130 1245 1415 1332 Suentozlaus'
1451 1248 1661 1332 Cristinus
1697 1251 2049 1346 subcamerarius.

378 1363 612 1449 Pribislaus
649 1362 882 1471 subagazo.
902 1374 945 1445 et
959 1366 1192 1447 mauricius·
1203 1364 1576 1450 subcancellarius.
1608 1365 1768 1450 Actum
1787 1372 1831 1452 in
1853 1370 2049 1487 clodo-(⁴)

379 1480 506 1563 Anno
529 1482 686 1563 domini
705 1480 762 1563 M.
777 1479 867 1564 CO.
891 1483 1264 1593 quinquagesimo

428 1738 431 1742 ¹
482 1659 526 1740 (⁴)
548 1659 668 1726 Kloblo
682 1649 761 1723 villa
778 1658 878 1725 hodie
894 1660 1056 1726 territorii
1070 1661 1346 1729 Vladislaviensis
1358 1647 1613 1747 4(Ἂῐὶοοὶεινιεὶῐ),
1642 1663 1791 1750 regionis
1820 1663 2049 1756 Brzescensis,

378 1749 457 1811 subc
472 1741 653 1826 parochiae
668 1752 779 1830 capnt
1230 1757 1235 1764 '
1522 1769 1524 1771 ’
1969 1785 1972 1790 ⁴
2119 1757 2123 1764 ’

1115 1987 1365 2114 xxvlll.'‘
1509 2067 1511 2074 0
1621 1993 1632 2106 ’.

492 2280 497 2289 .
626 2210 1062 2344 sandomirioc-
1077 2217 1171 2299 dte
1195 2214 1274 2303 23
1300 2201 1603 2301 Februarii
1625 2219 1788 2307 1254.

374 2391 648 2471 noseorum
669 2396 799 2469 ridicu
812 2395 979 2488 privilegia
999 2397 1188 2471 namucno
1208 2393 1416 2497 stalistccmt
1430 2420 1451 2473 r
1466 2401 1602 2476 unul
1624 2403 1700 2476 lues
1722 2405 1994 2481 ulamlmuat
2015 2418 2046 2479 ct

894 2484 1014 2548 natu
1032 2485 1115 2550 alles
1129 2484 1311 2551 donatores
1325 2488 1443 2552 confert
1458 2490 1509 2563 (¹)-

468 2652 527 2746 ,In
546 2651 716 2733 nomine
736 2649 869 2758 patris
893 2656 936 2729 et
955 2648 1027 2756 filij
1051 2661 1095 2733 et
1114 2653 1285 2761 spiritus
1322 2655 1460 2735 sancti
1481 2652 1633 2737 Amen.
1683 2650 1896 2753 Quoniam
1916 2671 1964 2742 ut
1983 2665 2045 2746 ait

374 2771 557 2878 sapiens.
578 2794 666 2850 non
688 2776 753 2849 est
771 2768 960 2875 priorum
994 2772 1211 2854 memoria.
1235 2770 1312 2852 sed
1333 2799 1413 2851 nec
1436 2796 1583 2873 eorum¹
1603 2773 1783 2880 quidem>
1799 2777 1873 2884 qui
1892 2786 2047 2882 postea

343 2955 346 2960 .
371 2885 514 2970 futura
534 2894 649 2966 sunt.
671 2886 751 2965 erit
768 2884 1009 2966 recordatio
1031 2890 1146 2991 apud
1170 2914 1242 2970 cos
1266 2889 1339 2994 qui
1360 2886 1488 2992 futurj
1511 2897 1611 2967 sunt
1629 2891 1674 2968 in
1694 2891 1938 2972 nouissimo.
1968 2922 2045 2975 ne-

373 3029 494 3085 eesse
519 3009 652 3083 estut
672 3011 800 3109 gesta
821 3027 919 3081 cum
940 3010 1130 3118 tempore
1151 2995 1341 3084 labentia
1361 3030 1437 3108 per
1458 3004 1675 3116 scripture-
1695 3005 1941 3087 testimonia
1964 3033 2044 3113 po-

339 3111 581 3202 ‘sterorum
601 3120 802 3198 memorie
825 3120 1187 3222 commendentur.
1219 3118 1460 3225 Eapropter
1481 3144 1558 3200 nos
1590 3115 1805 3199 bolezlaus
1842 3121 1908 3227 dej
1946 3150 2046 3230 gra-

369 3238 434 3317 tia
455 3235 540 3315 dux
561 3234 756 3316 cracouie
780 3243 822 3313 et
842 3233 1098 3341 sandomirje
1129 3234 1239 3342 filjus
1271 3235 1500 3318 lestchonis
1539 3235 1659 3316 ducis
1696 3237 1808 3317 clare
1842 3238 2045 3322 memoris
2083 3314 2086 3319 .

369 3350 557 3462 presentj
580 3354 736 3457 scripto
772 3349 1044 3457 presentibus
1080 3362 1124 3432 et
1152 3353 1303 3434 futuris
1340 3353 1535 3435 duximus
1573 3351 1888 3434 declarandum.
1911 3356 2046 3463 ·quod

370 3469 565 3552 dominus
589 3461 801 3554 conradus
825 3468 1043 3576 quondam
1065 3469 1151 3550 dux
1183 3470 1381 3552 cracouie
1412 3466 1804 3550 sanctimonialibus
1838 3469 1891 3551 de
1910 3481 2044 3554 stane-

369 3583 436 3666 telr.
450 3585 609 3669 ordinis
630 3586 768 3692 sanctj
789 3585 1007 3692 benediotj
1031 3586 1226 3693 dyocesis
1249 3585 1534 3669 cracouiensis
1551 3607 1557 3616 “
1573 3585 1748 3666 donauit
1777 3588 1933 3668 intuitu
1952 3589 2044 3694 pie·

368 3704 516 3786 tatutis
534 3698 632 3816 (sic)
650 3703 818 3792 alueum
839 3703 938 3785 salis
961 3729 1059 3783 cum
1079 3703 1192 3784 stilla
1215 3705 1266 3786 de
1289 3704 1472 3786 caldario
1491 3703 1537 3781 in
1558 3702 1704 3809 ignem
1727 3695 1953 3784 distillante
1967 3704 2041 3787 wl-

318 3861 320 3869 1
368 3824 528 3932 gariter
548 3815 703 3926 pee'ina
725 3821 839 3906 dicta
876 3820 992 3927 apud
1012 3847 1196 3930 umquam
1211 3820 1347 3922 salem.
1374 3820 1483 3901 Item
1499 3817 1669 3900 ausoria
1696 3829 1740 3899 et
1755 3817 1905 3928 glebas
1942 3820 2043 3905 salis

368 3966 403 4033 a,
414 3938 546 4046 uulgo
569 3938 729 4047 grudas
750 3945 942 4021 uocatas.
965 3965 1051 4047 que
1068 3939 1253 4046 aganoni
1275 3937 1395 4020 ducis
1418 3936 1615 4020 cracouie
1629 3935 1915 4042 pertinebant.
1930 3939 2041 4046 jtem

287 4117 289 4120 ψ
367 4082 608 4139 mensuram
630 4055 728 4140 salis
748 4055 792 4137 in
813 4055 963 4136 boella
985 4065 1141 4140 octaua
1163 4057 1232 4140 die
1253 4084 1422 4162 semper
1441 4052 1744 4163 recipiendam.
1768 4061 1811 4133 et
1828 4064 2038 4162 perpetuo

367 4164 683 4280 possidendam.
707 4199 793 4282 que
815 4183 990 4254 actenus
1012 4171 1463 4279 spectabatdracouie
1485 4169 1728 4282 castellano.
1744 4168 1853 4276 jtem
1874 4173 1918 4252 in
1938 4170 2040 4255 uilla

369 4284 537 4396 lopanu
558 4315 645 4397 que
666 4299 758 4370 erat
776 4292 948 4400 propria
969 4290 1134 4396 cenobij
1158 4292 1213 4372 de
1234 4287 1419 4373 atonelek.
1450 4288 1583 4378 salem
1602 4286 1646 4369 in
1666 4296 1918 4396 perpetuum
1938 4313 2041 4399 pos·

471 4483 515 4565 (¹)
535 4482 587 4548 Ex
596 4482 785 4571 'archetypo
799 4484 1052 4551 membranaceo
1067 4485 1262 4551 monasterii
1277 4484 1517 4566 Stanistcensis
1557 4482 1672 4568 roprio
1706 4481 1887 4567 descripsit
1902 4481 2039 4549 doctiss.

367 4563 556 4638 Slawirlski:
565 4567 717 4632 funiculis
733 4571 850 4634 sericis
865 4569 957 4633 rubri
970 4568 1094 4634 coloris
1104 4591 1287 4653 appensum
1302 4592 1435 4633 cereum
1451 4571 1515 4656 sigi
1541 4591 1594 4631 um
1604 4590 1672 4633 non
1687 4589 1825 4650 parvum
1840 4576 1873 4631 et
1888 4589 1955 4632 non
1969 4589 2038 4632 ma·

412 4673 477 4734 um,
492 4659 721 4733 repraesentat
729 4652 868 4738 figuram
881 4673 987 4735 usque
1002 4651 1045 4716 ad
1059 4674 1167 4739 genua
1180 4652 1323 4717 hominis
1338 4653 1456 4717 stantis
1465 4652 1605 4717 solemni
1621 4659 1748 4734 ornatu,
1762 4651 1907 4716 tenentis
1923 4650 2041 4716 dextra

380 4757 501 4824 angam
515 4734 655 4817 hastam,
672 4738 765 4818 eujus
794 4759 909 4804 manus
924 4758 1005 4801 vero
1021 4736 1154 4802 sinistra
1167 4736 1280 4802 innixa
1294 4745 1390 4801 scuto
1405 4734 1608 4823 triangulari,
1624 4736 1658 4799 in
1676 4755 1742 4819 quo
1755 4734 1888 4821 'albgiss
1911 4734 2039 4818 aquilae

366 4819 603 4919 uninscapitis..
625 4818 778 4967 Elitleris
792 4817 968 4971 iffi*
990 4820 1125 4891 numni
1157 4822 1317 4909 reliquiae
1328 4820 1562 4892 verborum...
1582 4820 1669 4905 ,slei
1688 4820 1745 4912 dei
1757 4841 1821 4910 gra
1846 4818 1943 4889 ducis
1965 4840 2038 4887 cra·

288 4919 293 4926 ·
366 4923 515 4974 conss..
539 4904 685 4986 ommc”‚
713 4925 801 4991 sgun
856 4953 865 4970 .
1519 4972 1531 4986 ,,
