5409 6309
1033 829 1368 970 -src-·

346 1095 503 1186 tuerint
524 1103 567 1179 et
587 1093 814 1181 conditoris
835 1095 968 1180 nostri
1004 1093 1275 1180 clemenciam
1295 1121 1373 1206 pro
1393 1096 1516 1181 nobis
1539 1104 1582 1179 et
1600 1095 2000 1207 praedecessoribus

345 1215 499 1301 nostris
520 1213 713 1328 Regibus
728 1214 931 1301 Poloniae
965 1214 1209 1325 suppliciter
1230 1242 1423 1319 exorare,
1458 1214 1568 1325 Ipsis
1605 1227 1648 1299 et
1684 1207 1824 1301 corum
1854 1243 2001 1302 mona-

346 1336 472 1421 sterio
494 1345 537 1418 et
557 1345 790 1419 conventus
812 1334 952 1421 villam
972 1347 1158 1420 nostram
1183 1325 1289 1418 Cata
1310 1332 1366 1448 (⁹)
1388 1337 1431 1417 in
1451 1344 1563 1419 terra
1580 1333 1853 1420 Oracoviensi
1874 1345 1916 1420 et
1938 1338 2001 1422 di·

345 1457 497 1539 stricto
514 1453 793 1564 Krzepicensi
813 1452 869 1567 (³)
891 1455 1028 1562 sitam,
1059 1484 1155 1539 cum
1178 1453 1373 1539 omnibus
1394 1454 1525 1564 ipsius
1546 1453 1830 1563 pertinentiis,
1857 1453 2003 1541 fructi·

344 1573 440 1678 bus,
460 1572 956 1676 utilitatibus-censibus,
975 1573 1265 1685 proventibus,
1284 1574 1502 1679 reditibus,
1524 1573 1651 1685 agris,
1670 1573 1817 1681 pratis,
1838 1579 2001 1689 campis

351 1705 431 1779 etc.
451 1720 531 1775 nec
551 1719 635 1776 non
656 1722 754 1776 cum
784 1692 1003 1802 appendiis
1035 1702 1079 1777 et
1109 1693 1359 1777 coherentiis
1393 1694 1524 1804 ipsius
1560 1692 1779 1794 universis,
1813 1689 2002 1803 prout‘in
2155 1683 2167 1702 ¹

345 1813 432 1898 suis
453 1812 589 1915 metis,
611 1810 909 1924 granicicbus„
931 1810 1058 1925 longe
1078 1811 1258 1921 lateque
1273 1805 1711 1897 circumferencialiter
1733 1819 1799 1894 est
1816 1811 1998 1898 limitata

349 1945 392 2019 st
411 1931 612 2015 distincta
649 1933 700 2015 de
735 1933 881 2015 innata
910 1929 1150 2015 celsitudini
1184 1940 1351 2016 nostrae
1382 1932 1553 2043 pietate,
1589 1932 1793 2036 bonitate,
1831 1958 1882 2015 ac
1919 1933 2004 2016 cle-

318 2083 321 2096 ·
347 2052 506 2138 mentia
526 2061 570 2136 et
588 2050 876 2135 munificentia
896 2050 1068 2161 speciali
1091 2050 1254 2156 damus,
1291 2049 1511 2157 donamus,
1543 2049 1825 2163 adiungimus,
1865 2050 2003 2137 incor-

344 2198 558 2283 poramus,
579 2170 898 2282 appropriamus
930 2180 973 2253 et
994 2170 1258 2254 annectimus
1278 2180 1483 2280 perpetue
1505 2168 1612 2254 etin
1634 2196 1771 2280 evum,
1802 2198 1879 2290 per
1906 2199 2005 2257 eos·

348 2291 445 2375 dem
466 2287 616 2376 stanes
636 2288 877 2400 monasterij
902 2297 945 2372 et
961 2288 1209 2376 Conventus
1229 2290 1438 2399 praedicti
1472 2288 1710 2394 tenendam,
1746 2287 2003 2400 habundare,

342 2407 626 2495 utifruendam
647 2419 691 2493 et
708 2406 889 2520 pacifice
930 2407 1230 2519 possidendam
1258 2409 1519 2521 temporibus
1553 2418 1756 2520 perpetue
1778 2409 2002 2497 duraouis.

343 2528 419 2615 illo
440 2537 583 2614 tamen
605 2527 750 2614 addito
772 2527 1008 2638 specialiter
1030 2535 1074 2609 et
1092 2553 1304 2636 expresso,
1340 2529 1458 2643 quod
1493 2525 1643 2614 fratres
1663 2529 1871 2639 praedicti
1894 2557 2003 2641 qua-

342 2646 448 2732 libet
468 2649 548 2754 die,
570 2641 1097 2761 quamdiumonasterium
1132 2647 1320 2756 ipsorum
1353 2647 1619 2759 praedictum
1654 2648 1885 2759 perstiterit
1922 2677 2002 2764 pro

342 2766 467 2852 nobis
487 2777 532 2850 et
553 2768 723 2852 domina
741 2762 868 2850 Anna
888 2765 1057 2878 Regina
1086 2775 1283 2851 consorte
1317 2778 1462 2853 nostra
1498 2795 1549 2850 ac
1585 2766 1760 2851 Illustris
1789 2755 2002 2884 Hcdvigis

340 2884 851 2978 recolendaememoriae
867 2885 967 2969 olim
982 2884 1175 2997 Reginae
1192 2884 1394 2971 Poloniae
1412 2887 1617 2971 consortis
1634 2894 1804 2971 nostrae
1822 2895 1864 2968 et
1877 2916 2003 2997 prae·

342 2993 613 3090 decessorum
635 3014 873 3090 nostrorum
907 3004 1079 3115 Regum
1107 3001 1308 3089 Poloniae
1333 3003 1567 3088 animarum
1587 2991 1722 3089 salute
1752 3034 1882 3090 unam
1900 3006 2003 3092 mis·

341 3150 434 3207 sam
455 3151 552 3206 cum
575 3122 799 3207 devotione
821 3120 968 3206 debita
987 3150 1063 3231 per
1086 3122 1273 3235 aliquem
1293 3120 1469 3208 fratrem
1488 3124 1687 3208 idoneum
1707 3152 1916 3242 peragere
1936 3133 2001 3208 te·

339 3239 554 3330 nebuntur
576 3249 620 3324 et
639 3239 859 3351 complere.
912 3243 1068 3326 Actum
1089 3240 1276 3326 &radiae
1296 3240 1402 3327 feria
1423 3244 1613 3326 secunda
1631 3252 1731 3353 post
1748 3243 2003 3330 dominicam
2082 3251 2119 3334 .’

340 3359 487 3448 Remis
508 3360 743 3471 palmarum
777 3365 904 3446 1414.
952 3359 1024 3446 Ad
1053 3358 1299 3447 relationem
1329 3359 1475 3449 Dunin
1495 3362 1547 3451 R.
1568 3355 1616 3449 P.
1639 3351 2000 3452 vicecancellarii.
2142 3459 2147 3466 ,

359 3605 364 3614 ’
403 3679 412 3696 .
442 3594 484 3677 (²)
507 3594 615 3662 Hodie
628 3593 752 3686 Kolejc,
767 3589 845 3660 villa
860 3595 1007 3709 regionis
1021 3593 1356 3679 Crestochowiensis,
1372 3597 1406 3663 in
1417 3596 1586 3668 territorio
1599 3594 1815 3665 Wielrmienei
1829 3575 2007 3685 (parochis

341 3680 432 3917 Ξῖ
446 3680 658 3866 (ΙξῖοΙὸἴῖἕιῖω
668 3763 710 3830 sd
721 3761 854 3832 florium
864 3764 1078 3844 Limum,
1092 3764 1172 3831 villa
1182 3765 1260 3832 olim
1267 3765 1412 3854 regionis
1418 3766 1645 3848 Leloniensis,
1659 3765 1846 3837 hodieurbs
1854 3768 2001 3855 nogionis

386 3872 585 3917 reomensis.
1055 3869 1059 3877 ·
