5409 6309
984 850 1311 926 ...125-

340 1070 431 1148 tum
449 1062 716 1148 reuocentur.
750 1059 827 1134 aut
845 1051 1081 1163 aliquorum
1113 1053 1360 1162 excogitata
1389 1052 1576 1157 malicie,
1607 1055 1778 1138 iusticie
1804 1057 2009 1142 innocen-

338 1179 453 1271 cium
472 1170 644 1286 penitus
665 1177 909 1272 enernatur,
931 1168 989 1251 ed
1005 1169 1321 1278 reprimendam
1334 1197 1631 1280 peruersorum
1654 1174 1903 1282 nequiciam
1932 1175 2012 1261 bo·

340 1321 576 1405 nonumque
612 1287 907 1375 innocenciam
941 1288 1292 1372 concernendam.
1325 1300 1369 1372 et
1388 1300 1437 1372 ut
1456 1291 1549 1371 iura
1585 1289 1811 1374 cuiuslibet
1843 1320 2012 1400 perma-

340 1423 471 1497 neant
488 1413 662 1513 illibata,
688 1407 910 1492 consueuit
930 1405 1081 1516 queuis
1101 1406 1272 1512 ydonee
1292 1408 1404 1491 actio
1426 1406 1647 1514 sollempni
1664 1408 1873 1518 scripture
1892 1413 2012 1508 testi·

340 1532 481 1617 monio
502 1533 666 1612 munita
676 1523 1009 1610 succedencium
1032 1523 1187 1606 noticie
1224 1525 1524 1628 commendari,
1560 1520 1677 1607 Hinc
1697 1530 1899 1639 estquod
1918 1530 2011 1615 Nos

340 1648 495 1732 Paulas
517 1649 584 1729 dei
605 1643 750 1758 gracia
788 1641 1087 1728 Oraeouie'nsis
1121 1639 1364 1753 Episcopus
1398 1654 1547 1728 notum
1582 1642 1761 1725 facimus
1791 1646 2043 1750 micenis·
2079 1735 2083 1740 ,

340 1775 582 1876 presentem
601 1766 783 1848 litteram
804 1762 1077 1871 inspecturis,
1098 1761 1214 1868 quod
1237 1790 1334 1846 cum
1353 1765 1465 1845 inter
1483 1761 1657 1845 Petrum
1674 1760 1905 1847 'Rectorem
1926 1765 2011 1846 Ec·
2047 1863 2053 1868 Ι

261 1895 267 1905 ’
342 1886 468 1969 clasis
490 1884 543 1965 de
564 1883 760 1967 Boronow
783 1878 838 1991 (²)
870 1880 1040 1963 nomine
1072 1878 1250 1962 ecclesie
1283 1909 1359 1962 sue
1381 1890 1425 1963 et
1444 1907 1521 1963 suo
1552 1907 1679 1989 super
1693 1881 1945 1966 iuramento.
1968 1893 2012 1965 et

321 2011 503 2113 'questu
533 1998 758 2084 iuramenti
793 2000 910 2106 quod
943 1995 1132 2079 Persae
1153 1993 1208 2111 (³)
1249 1999 1485 2108 uulgariter
1520 2008 1791 2104 nuncupatur
1806 2069 1812 2077 .
1826 2000 1870 2082 in
1905 1999 2012 2083 villis
2144 2019 2148 2036 ·

323 2119 582 2228 'Parrochye
604 2146 678 2201 sue
701 2115 863 2199 seilicet
877 2115 1045 2224 Zapore.
1064 2109 1288 2228 Slomyrop.
1304 2115 1470 2200 Zokrerc
1486 2127 1633 2225 paruo.
1650 2114 1817 2202 Ζοὲτοω
1837 2131 2012 2229 magno.

332 2233 595 2319 Croesiaoua.
632 2235 816 2320 Zobowo.
853 2229 1053 2316 Postume
1089 2232 1323 2345 (Podlete).
1348 2245 1392 2317 et
1414 2230 1582 2342 Clros'cz‘
1596 2232 1665 2348 (⁴)
1693 2261 1752 2338 ex
1770 2264 1856 2319 vna
1876 2245 2009 2345 parte,
2145 2235 2149 2242 ’

343 2366 388 2437 et
405 2356 675 2463 Propositum
698 2363 740 2436 et
758 2351 1011 2461 Magistrum
1034 2351 1086 2433 de
1108 2349 1300 2434 Stcnntele
1320 2382 1373 2438 ex
1393 2351 1524 2468 altera
1558 2353 1727 2437 nomine
1757 2354 1947 2464 ipsorum
1969 2364 2013 2462 et

341 2472 590 2558 Conuentus
611 2472 856 2579 Menasterij
879 2468 1108 2567 eorundem
1130 2471 1298 2581 questio
1319 2478 1566 2554 verteretur.
1597 2470 1783 2576 Petebat
1801 2474 2012 2584 siqnidem
2073 2511 2079 2518 ·

340 2588 546 2701 prefatus
565 2592 717 2675 Petrus
753 2590 921 2672 nominc
958 2614 1034 2670 sue
1071 2587 1263 2672 Ecclesie
1287 2599 1331 2671 et
1350 2616 1427 2674 suo
1464 2590 1623 2672 dictum
1654 2591 1937 2674 iuramentum
1969 2601 2013 2706 et

340 2718 538 2822 questum
560 2709 782 2790 iuramenti
801 2704 892 2794 Sibi
916 2714 960 2788 et
978 2704 1171 2789 Ecclesia
1193 2735 1270 2791 sue
1291 2709 1335 2790 in
1355 2708 1558 2816 predictis
1579 2707 1687 2791 villis
1705 2709 1951 2791 adiudicari.
1969 2717 2013 2790 et

338 2828 577 2910 nominatos
593 2825 860 2935 Propositum
875 2836 928 2908 ‘et
946 2823 1197 2935 Magistram
1214 2826 1271 2908 ad
1284 2827 1603 2910 restitucionem
1619 2824 1773 2936 prefati
1788 2826 2012 2936 iuramentj

340 2955 385 3030 et
404 2954 582 3055 questus
604 2941 755 3056 que(?)
776 2952 1088 3052 usurpauerant
1123 2943 1440 3053 condempnari.
1478 2942 1629 3055 que(?)
1652 2940 1706 3054 (⁵)
1730 2944 1903 3026 dicebat
1922 2954 2011 3025 tem
2095 2987 2099 2992 ·

342 3065 394 3146 de
411 3063 506 3171 jure
528 3061 740 3169 communj
763 3089 893 3170 quam
911 3062 962 3142 de
981 3061 1288 3143 consuetudine
1306 3059 1546 3169 approbata
1562 3061 1618 3140 ad
1634 3086 1755 3140 snam
1770 3060 2010 3143 Ecclesiam

271 3181 273 3186 ’
338 3181 563 3291 pertinere.
585 3177 736 3285 prefati
758 3186 902 3258 autem
922 3177 1165 3286 Propositus
1189 3186 1233 3260 et
1251 3177 1460 3291 Magistra
1480 3179 1523 3259 in
1546 3180 1800 3261 contrarium
1834 3204 2010 3287 respon-

341 3293 503 3380 debant
523 3296 640 3406 quod
662 3297 820 3378 dictum
834 3295 1117 3377 iuramentum
1136 3303 1178 3376 et
1193 3307 1372 3407 questus
1392 3295 1617 3378 iuramenti
1632 3293 1700 3378 vel
1709 3293 1900 3377 Priame
1910 3294 2009 3408 (sie)

339 3419 384 3500 in
402 3416 488 3497 iam
510 3414 634 3494 dictis
655 3413 762 3518 pillis
784 3413 839 3494 ad
861 3439 984 3496 suum
1005 3412 1311 3496 Monasterinm
1331 3415 1610 3523 pertinerent,
1648 3410 1876 3496 offerentes
1898 3440 1943 3496 se
1965 3413 2010 3494 id

339 3538 478 3646 ipsum
514 3530 767 3639 probaturos
797 3557 874 3639 per
894 3530 1110 3642 Priuilegij
1147 3530 1299 3613 seriem
1334 3531 1468 3615 felicis
1503 3531 1815 3616 recordacionis
1853 3532 2010 3615 domini
2142 3592 2149 3604 .

314 3650 488 3738 'Wislai
525 3646 823 3733 Oreconiensis
860 3646 1064 3759 Episcopi
1100 3649 1415 3760 predecessoris
1436 3652 1581 3733 nostri.
1605 3649 1721 3760 quod
1741 3648 2009 3760 priuilegium

341 3768 543 3852 dicebant
563 3795 609 3848 se
630 3766 672 3846 in
692 3764 799 3876 fuga
820 3765 1141 3878 Thartarorum.
1178 3767 1427 3874 perdidisse.
1465 3754 1563 3849 sed'
1579 3793 1659 3848 nec
1695 3774 1895 3850 tenorem.
1924 3796 2007 3849 nec
2057 3813 2061 3818 ·

300 3875 306 3886 ’
339 3888 608 3970 amissionem
642 3884 853 3996 priuilegij
889 3884 1195 3993 probauerunt.
1241 3884 1338 3986 Lite
1360 3887 1491 3996 igitur
1509 3886 1617 3967 inter
1636 3892 1780 3992 partes
1801 3887 1845 3967 in
1864 3895 2010 3968 nostra

336 4003 558 4116 presencia
591 4002 779 4114 legitime
815 4012 1069 4088 contestata.
1107 4031 1205 4086 cum
1236 4030 1323 4088 non
1342 4013 1524 4088 restaret
1552 4003 1632 4095 nisi
1668 4001 1893 4113 diffinitips
1912 4030 2010 4087 sen-

338 4124 481 4205 tencia
514 4119 767 4230 proferenda
789 4121 842 4203 de
862 4131 1007 4206 nostro
1043 4119 1312 4231 beneplacito
1335 4131 1379 4206 et
1399 4137 1623 4205 consensu.
1656 4124 1752 4205 talis
1783 4115 1891 4204 inter
1914 4149 2008 4206 eos·
2135 4225 2138 4230 Ι

341 4240 439 4322 dem
474 4266 617 4323 coram
652 4236 776 4323 nobis
813 4239 1060 4350 Amicabilis
1098 4240 1361 4351 Compositio
1391 4241 1632 4356 interuenit.
1665 4240 1783 4352 quod
1812 4240 2008 4324 videlicet

441 4470 486 4551 0)
507 4471 689 4537 Bodzanow
703 4470 830 4538 villain
845 4472 982 4556 antiquo
1006 4465 1225 4543 cracoviensi
1239 4471 1421 4560 palatinatu
1435 4472 1585 4560 regionis
1600 4470 1889 4559 Szczyrzecensis,
1904 4451 2006 4555 paro·

338 4555 432 4622 clrise
447 4576 528 4621 vero
543 4553 850 4639 Bodzanowiensis,
865 4579 952 4624 nunc
967 4560 1003 4624 in
1016 4560 1135 4646 Regno
1150 4558 1321 4627 Galliciae.
2010 4595 2017 4606 ·

383 4663 387 4674 ’
440 4641 485 4722 (³)
507 4637 665 4721 Primae,
682 4637 831 4706 Pisanus
845 4642 947 4788 vnlpo
959 4643 1153 4734 Pnysieene.
1615 4727 1616 4732 η

441 4726 484 4806 (⁴)
508 4723 622 4790 (eludet
645 4721 723 4787 villa
747 4723 870 4790 ibidem
909 4728 1243 4813 ocoru1n‚proximai
1271 4728 1298 4793 ei
1313 4727 1515 4799 monasterio
1533 4725 1775 4810 Staniatcensi3
1800 4735 1875 4793 sunt
1898 4725 2006 4807 etiam,

338 4807 394 4891 qui
409 4806 533 4888 dicunt,
549 4808 784 4873 monasterium
798 4807 832 4873 in
845 4808 925 4875 villa
940 4811 1061 4895 Clrott,
1078 4835 1144 4877 non
1159 4813 1194 4876 in
1209 4815 1240 4876 v‘
1267 4836 1287 4877 a
1302 4811 1473 4897 Stasiqtlci,
1489 4812 1697 4877 aedificatum
1712 4835 1797 4898 esee.

439 4895 485 4974 (³)
505 4890 628 4976 Verba,
643 4901 724 4978 post
737 4914 822 4993 qnae
838 4894 969 4983 signnm
983 4895 1255 4984 interrogationis
1270 4897 1453 4984 posuimus,
1465 4899 1500 4965 in
1512 4895 1698 4984 archetypo
1707 4919 1774 4983 per
1786 4895 2006 4964 abbreviatio·

336 4987 551 5045 nemum
566 5001 585 5066 q
600 4986 676 5045 sunt
691 4987 828 5064 scripta
1099 4990 1101 4992 ’
1943 5037 1946 5040 .
