5409 6309
1396 808 1672 883 -398-

709 1019 758 1103 lis
781 1013 893 1098 dicte
913 1009 1024 1096 Ville
1047 1006 1241 1118 Ottsyetc
1259 1010 1465 1094 vniuersis
1481 1011 1728 1122 ,precipiatis
1750 1019 1794 1092 et
1813 1010 2021 1095 mandetis
2042 1010 2199 1096 seriose
2220 1010 2357 1094 iniun-

711 1145 859 1252 gentes
880 1131 1054 1217 tociens.
1077 1127 1281 1241 quociens
1316 1132 1509 1241 requisiti
1536 1129 1695 1214 fueritis
1731 1137 1775 1213 et
1807 1130 1851 1211 id
1887 1140 2091 1241 exposcat
2123 1131 2356 1239 necessitas

710 1263 930 1367 oportuna.
951 1258 998 1332 vt
1019 1246 1254 1334 omnimodo
1276 1257 1320 1329 et
1341 1250 1539 1358 deinceps
1561 1250 1751 1334 Ecclesia
1767 1250 1994 1358 parochiali
2013 1252 2057 1331 in
2076 1219 2356 1333 doctmonte

708 1363 938 1487 parochiali
978 1369 1063 1450 sint
1100 1363 1279 1449 subiecti
1315 1366 1571 1477 Rectorique
1608 1369 1797 1453 Ecclesie
1832 1369 2020 1479 predicte
2060 1395 2136 1478 pro
2170 1376 2357 1478 tempore

709 1492 903 1579 existenti
920 1493 964 1573 in
985 1484 1177 1572 omnibus
1211 1487 1334 1570 licitis
1357 1496 1400 1571 et
1418 1487 1603 1572 honestis
1622 1487 1823 1573 obediant
1844 1497 1886 1569 et
1900 1486 2122 1571 intendant
2134 1497 2355 1598 tamquam

636 1684 639 1690 .
705 1616 891 1723 ipsorum
913 1633 1011 1692 vero
1031 1605 1238 1718 legittimo
1259 1608 1419 1717 pastori
1435 1618 1477 1690 et
1493 1606 1676 1693 Rectori.
1710 1619 1753 1691 et
1784 1617 1888 1719 aput
1926 1604 2022 1721 (sic)
2045 1635 2140 1691 eum
2157 1634 2210 1690 ac
2224 1606 2356 1715 ipsius

707 1732 950 1817 Ecclesiam
972 1726 1112 1808 diuina
1134 1725 1320 1807 audiant.
1346 1737 1388 1807 et
1408 1723 1711 1811 Ecclesiastica
1731 1727 1969 1839 percipiant
1989 1733 2268 1828 sacramenta,
2303 1723 2355 1808 ln

708 1852 829 1936 cuius
849 1851 908 1932 rei
929 1844 1226 1929 testimonium.
1259 1843 1453 1955 Sigillum
1489 1856 1679 1931 nostrum
1714 1844 1980 1957 presentibus
2017 1853 2082 1927 est
2111 1871 2356 1955 appensum,

658 1977 663 1984 ’
707 1970 867 2055 Datum
890 1962 1075 2049 Crccooie
1098 1962 1162 2044 die
1185 1960 1358 2047 Saturni
1379 1965 1561 2073 septima
1581 1964 1738 2050 Mensis
1758 1964 1924 2077 Aprilis,
1944 1963 2069 2048 Anno
2092 1963 2248 2047 domini
2267 1961 2359 2047 Md-

707 2089 853 2173 lesimo
874 2083 1291 2198 quadringentesimo
1314 2082 1548 2168 Tricesimo
1570 2086 1716 2194 primo,
1747 2083 2020 2169 Presentibus
2043 2081 2232 2169 Strenuis
2253 2080 2362 2165 Mili·

594 2233 603 2248 ‘
708 2207 820 2292 tibus
844 2204 1032 2302 dominis,
1054 2200 1179 2285 Petro
1201 2199 1443 2310 chtj'rsarz'
1460 2201 1782 2289 Subcamerario
1803 2201 2015 2316 Reginali.
2030 2213 2072 2286 et
2087 2199 2359 2314 Sigismundo

590 2353 597 2368 ·
711 2329 763 2410 de
782 2323 957 2411 Bobowu
976 2319 1213 2432 Burgrabio
1237 2319 1377 2406 Oestri
1399 2321 1693 2410 Oracouiensis
1714 2334 1760 2440 et
1779 2323 1872 2432 alijs
1893 2322 2034 2407 multis
2055 2319 2295 2433 fidedignis.

1466 2643 1618 2760 cdlv.

920 2897 1376 2984 cracoviae-dte
1392 2897 1471 2984 28
1485 2891 1807 2985 Decembris
1823 2899 1962 2989 14:31
1989 2920 2153 2987 anno.

707 3121 871 3199 brudle
882 3119 961 3192 inter
973 3118 1159 3191 comiteris
1179 3117 1339 3191 Theronis
1354 3122 1388 3191 et
1408 3118 1622 3213 Staditesnse
1642 3120 1681 3194 ds
1696 3122 1844 3196 electione
1858 3122 2022 3215 praepositi
2037 3118 2262 3215 Stmictatmis
2274 3119 2308 3191 st
2321 3116 2360 3190 ds

703 3225 824 3320 imm
838 3222 914 3317 eju
928 3225 1064 3296 retum
1078 3220 1165 3294 litem
1180 3237 1221 3291 ex
1233 3220 1388 3292 amabili
1402 3223 1617 3312 ronpnitione
1632 3223 1785 3313 dauers,
1807 3228 1841 3297 et
1856 3225 2020 3316 istique
2035 3223 2073 3297 de
2090 3218 2363 3313 obtunsitate

1279 3341 1318 3413 po
1332 3324 1519 3397 camdeni
1533 3325 1712 3402 ummah
1734 3328 1788 3413 (¹).

808 3534 860 3618 In
881 3534 1046 3619 nomine
1068 3532 1224 3646 domini
1246 3558 1380 3613 amen.
1412 3531 1454 3616 N
1456 3560 1502 3618 os
1525 3532 1740 3647 Sbigueus
1763 3536 1979 3647 deigracia
1999 3534 2237 3644 Episcopus
2254 3531 2360 3619 Ora-

708 3653 916 3740 couiensis
947 3650 1245 3764 Significamus
1278 3660 1422 3735 tenore
1457 3656 1722 3761 presencium
1760 3653 1916 3767 quibus
1953 3654 2124 3764 expedit
2155 3651 2359 3738 uniuersis

707 3770 974 3883 presentibus
996 3781 1039 3852 et
1057 3769 1207 3852 futuris
1223 3771 1489 3881 presencium
1509 3773 1708 3870 noticiam
1729 3775 1947 3860 habituris.
1981 3770 2201 3873 Quomodo
2218 3797 2363 3855 coram

707 3888 829 3976 nobis
859 3889 1087 3976 Constituti
1122 3888 1398 3999 personaliter
1430 3887 1691 3992 Venerabilis
1726 3895 1770 3977 in
1807 3894 1976 3981 Ohristo
2012 3901 2132 4003 peter
2169 3891 2362 3976 dominus

709 4005 1556 4122 stanislausdiuinapaeieneia(?)Abbas
1578 4012 1830 4097 Tiniciensis
1852 4040 1929 4099 suo
1951 4022 1993 4094 et
2013 4015 2149 4098 tocius
2167 4009 2364 4096 Conuen-

812 4211 853 4292 p)
875 4208 1053 4278 Slawirislri
1068 4207 1242 4295 descripsit
1256 4208 1399 4275 tabulam
1414 4207 1500 4277 hanc
1515 4235 1557 4279 ex
1573 4212 1754 4300 archetypo
1771 4214 2018 4283 membranaceo
2037 4212 2073 4278 in
2088 4208 2270 4277 Tabulario
2286 4208 2360 4277 Sta·

707 4296 884 4379 niatcensis
899 4294 1088 4362 monasterii
1104 4304 1282 4361 asservato.
1317 4293 1476 4360 Taeniola
1498 4297 1623 4363 sericea
1649 4300 1735 4386 nigri
1752 4310 1785 4364 et
1799 4299 1929 4365 rosacei
1956 4296 2074 4365 coloris
2103 4318 2285 4384 appensum
2312 4302 2363 4360 est

707 4381 849 4448 medium
874 4380 1027 4468 sigillum,
1049 4380 1083 4445 iu
1109 4401 1174 4464 quo
1191 4382 1334 4445 cernitur
1349 4379 1474 4466 effigies
1490 4382 1649 4470 episcopi,
1665 4382 1750 4449 haud
1766 4383 1878 4462 dubio,
1910 4382 2057 4471 Sbiguei
2072 4381 2106 4446 in
2120 4379 2364 4468 pontificalibus

708 4466 863 4551 sedentis3
887 4466 1034 4532 adextra
1048 4487 1144 4532 manu
1159 4469 1228 4552 ejus
1243 4487 1301 4530 rex
1317 4465 1625 4567 coronainsignitus
1644 4479 1745 4553 stans,
1762 4468 1877 4535 dextra
1892 4478 1980 4535 tenet
1995 4465 2159 4541 vexillum,
2187 4465 2276 4551 apud
2329 4485 2363 4526 a·

709 4550 765 4615 des
781 4572 857 4619 vero
873 4552 960 4638 regis
989 4551 1072 4617 alius
1101 4551 1275 4639 episcopus
1305 4571 1413 4636 genua
1438 4551 1550 4618 flectit.
1596 4552 1784 4621 Asinium
1810 4577 1907 4621 manu
1928 4551 2078 4639 episcopi
2103 4550 2246 4617 sedentis
2271 4488 2362 4616 mllcs

709 4655 783 4700 cum
797 4636 893 4703 hasta
913 4647 948 4703 in
964 4637 1081 4703 dextra
1095 4659 1191 4703 manu
1220 4637 1375 4702 cernitur.
1419 4636 1521 4723 Apud
1546 4637 1648 4725 pedes
1671 4639 1816 4726 ejusdem
1843 4639 1987 4707 sedentis
2016 4635 2165 4723 episcopi
2193 4646 2226 4701 et
2253 4634 2364 4702 militis

706 4720 818 4803 jacent
832 4720 897 4788 duo
913 4732 1006 4787 scuta
1021 4744 1093 4789 cum
1109 4721 1236 4809 magnis
1251 4722 1416 4798 crucibus,
1438 4740 1530 4806 quae,
1549 4733 1584 4788 ut
1598 4721 1749 4803 diximus,
1776 4724 1920 4812 insignia
1934 4733 2011 4790 sunt
2026 4722 2088 4789 stir
2111 4722 2140 4788 is
2155 4720 2363 4789 Olesniceio·

572 4833 575 4838 ·
709 4826 790 4869 rum.
833 4805 975 4871 luscuto
991 4807 1170 4894 episcopali
1199 4806 1260 4873 sub
1275 4829 1373 4872 cruce
1389 4804 1561 4874 character
1578 4808 1633 4874 W.
1673 4809 1711 4876 ln
1727 4809 1850 4877 ambitu
1865 4808 2049 4895 inscriptio:
2082 4745 2228 4894 lipidam
2250 4809 2365 4894 stipaei

711 4891 766 4955 dai
781 4902 811 4956 et
824 4891 989 4979 apostolice
1004 4895 1090 4958 sedis
1102 4895 1210 4978 precio
1225 4894 1276 4980 epi
1291 4891 1512 4958 &meviensis
1534 4892 1590 4961 Ab
1612 4894 1761 4963 omnibus
1791 4894 1955 4982 capitibus
1981 4914 2194 4979 personarum
2209 4892 2243 4958 in
2257 4889 2365 4977 sigillo
2414 4957 2417 4962 4

707 4984 913 5043 exaratarum
928 4975 1009 5042 redii
1023 4986 1153 5055 exeunt,
1169 4975 1254 5041 sicut
1267 4999 1287 5041 a
1301 4978 1463 5063 capitibus
1479 4987 1677 5045 sanctorum.
