5409 6309
1344 799 1721 910 ‘⁴²⁰-.

653 1029 729 1111 pro
750 1011 941 1111 tempore
961 998 1117 1082 fuerint
1137 997 1305 1080 sculteti
1326 1025 1404 1083 seu
1423 999 1633 1105 aduocati,
1657 1009 1699 1082 et
1712 1025 1802 1084 non
1823 1025 1966 1086 coram
2005 1002 2309 1110 prenominatis

654 1121 876 1233 pallatinis,
898 1117 1150 1220 castellanis,
1168 1120 1410 1227 capitaneis,
1447 1120 1667 1223 iudicibus,
1703 1118 1996 1206 subiudicibus
2021 1129 2064 1205 et
2085 1121 2307 1233 quibusuis

655 1240 903 1327 officialibus
924 1239 994 1321 uel
1015 1265 1157 1323 eoram
1178 1239 1507 1344 successoribus,
1540 1251 1613 1323 aut
1633 1268 1774 1325 coram
1795 1239 1918 1326 nobis
1955 1243 2022 1324 uel
2056 1241 2208 1326 iudicio
2230 1271 2308 1329 no·

653 1372 738 1449 stro
756 1358 953 1470 generali,
975 1358 1075 1440 dum
1095 1355 1331 1466 tamen⁰per
1353 1370 1537 1444 nostram
1558 1359 1740 1442 litteram
1761 1369 1904 1445 nostro
1925 1361 2061 1471 sigillo
2084 1360 2306 1473 sigillatam

656 1482 822 1568 euocati
837 1478 908 1560 uel
931 1478 1067 1560 eittati
1087 1476 1245 1560 fuerint
1264 1479 1432 1561 sculteti
1468 1507 1544 1562 seu
1566 1480 1776 1582 aduocati,
1809 1488 1853 1561 et
1873 1479 1954 1563 lroo
1975 1483 2011 1562 si
2025 1482 2067 1562 in
2088 1479 2306 1576 reddenda

652 1601 817 1686 iusticia
836 1596 1105 1708 negligentes
1120 1596 1276 1680 fuerint
1294 1599 1363 1681 uel
1382 1601 1555 1703 remissi,
1578 1610 1680 1681 tune
1701 1626 1784 1684 non
1807 1599 1927 1682 aliter
1944 1625 2073 1707 quam
2089 1627 2166 1685 suo
2183 1602 2307 1684 thau-

651 1723 792 1808 tonico
815 1718 1004 1802 stadensi
1026 1718 1079 1799 de
1100 1743 1145 1800 se
1161 1717 1502 1827 querulantibus.
1523 1719 1780 1829 respondere
1801 1720 1886 1801 sint
1907 1720 2079 1824 astricti,
2100 1719 2144 1808 in
2165 1722 2307 1806 causis

651 1853 792 1929 antam
814 1836 1096 1923 criminalibus
1117 1863 1193 1917 seu
1214 1837 1465 1945 capitalibus
1496 1838 1688 1947 superius
1725 1839 1943 1947 expressis,
1979 1849 2305 1926 memoratarum

651 1964 842 2050 uillarum
864 1968 906 2039 at
925 1954 1208 2041 hereditatum
1229 1956 1420 2040 scultetis
1443 1984 1520 2039 seu
1541 1956 1777 2061 aduocatis,
1801 1960 1844 2040 in
1865 1959 1988 2040 metis
2010 1986 2086 2041 seu
2108 1960 2306 2069 grauidis

649 2079 860 2194 puniendi,
881 2075 1106 2187 plectendi,
1127 2076 1432 2179 sentenciandi,
1453 2076 1705 2187 corrigendi,
1728 2089 1770 2160 et
1789 2077 2109 2182 condemnandi,
2137 2079 2307 2189 plenam

653 2205 801 2289 damus
824 2208 867 2284 ct
888 2194 1169 2281 omnimodam
1187 2203 1331 2279 tenore
1347 2198 1613 2305 presencium
1625 2197 1898 2280 concedimus
1910 2193 2166 2302 facultatem,
2181 2209 2307 2307 prout

648 2324 730 2406 hoc
750 2321 888 2430 ipsum
907 2320 972 2400 ius
994 2315 1289 2398 theutunieum
1309 2316 1353 2397 in
1376 2313 1568 2399 omnibus
1590 2316 1676 2397 suis
1696 2313 1877 2424 punctis,
1894 2317 2130 2421 sentenciis,
2151 2318 2308 2401 articu-

647 2441 714 2546 lis,
734 2433 1066 2537 oondicionibuS,
1089 2444 1133 2517 et
1152 2435 1350 2544 capitulis
1373 2435 1560 2546 postulat
1590 2444 1634 2516 et
1651 2437 1837 2543 requirit:
1863 2434 2030 2545 juribus
2065 2446 2210 2519 tamen
2231 2464 2307 2522 no·

650 2561 747 2644 stris
767 2555 1002 2667 Regalibus
1039 2581 1205 2664 semper
1242 2555 1384 2638 saluis.
1435 2553 1599 2637 Harum
1630 2555 1785 2660 quibus
1821 2555 2004 2666 sigillum
2032 2564 2220 2642 nostrum
2244 2570 2309 2640 est

651 2704 889 2789 appensum
924 2672 1164 2758 testimonio
1198 2672 1646 2757 litterarum-Actum
1677 2672 1794 2758 Bada
1824 2674 1891 2756 die
1912 2674 2096 2761 sabbato
2118 2677 2306 2784 proximo

648 2808 747 2907 post
766 2793 920 2878 festum
938 2793 1122 2876 omnium
1144 2802 1399 2896 sanctorum,
1422 2820 1532 2876 anno
1557 2793 1712 2877 domini
1732 2792 1950 2877 millesimo
1973 2795 2306 2906 quadringente·

649 2919 754 3000 simo
777 2914 1108 3023 quadragesimo
1130 2914 1331 3016 secundo,
1352 2911 1626 3023 presentibus
1662 2911 1819 2998 ibidem
1839 2912 2098 2999 Reuerendis
2118 2915 2163 2996 in
2184 2913 2307 2999 Obri-

648 3046 717 3122 sto
738 3033 931 3146 patribus
954 3029 1123 3116 Simone
1145 3030 1340 3143 Agransi,
1361 3031 1534 3120 Matheo
1570 3030 1839 3141 Vesperiensi
1867 3032 2104 3145 Episcopis,
2138 3035 2307 3146 magni·

648 3155 827 3264 ficisque
847 3151 1085 3237 Laurencio
1109 3150 1161 3234 de
1182 3151 1445 3236 Herderuaru
1463 3151 1669 3236 Pallatino
1694 3150 1835 3262 Regni
1854 3150 2055 3266 Vngarie,
2070 3153 2308 3242 Lamsncio

647 3395 702 3477 de
726 3387 965 3502 Coniecpolr'e
1001 3389 1291 3502 Rospergensi
1323 3387 1421 3505 (sic)
1460 3390 1724 3492 Oastsllanis,
1753 3402 1797 3474 et
1816 3393 1944 3480 Petro
1975 3391 2106 3477 Slroru
2136 3394 2190 3478 de
2214 3391 2309 3506 Gaii

646 3512 802 3597 Judioe
828 3511 1117 3613 Poenaniensi‚
1149 3539 1201 3593 ao
1233 3511 1323 3595 aliis
1355 3511 1598 3621 fidedignis.
1658 3510 1821 3597 Datum
1852 3541 1926 3622 per
1956 3535 2110 3596 manus
2139 3515 2306 3624 magni·

646 3632 823 3716 ficorum
864 3628 1044 3716 Joannis
1076 3631 1129 3712 de
1153 3625 1397 3741 Coar'ecpolie
1427 3630 1680 3715 cancellarii
1710 3632 1881 3716 etPetri
1903 3632 1955 3713 de
1979 3630 2219 3742 Sozekoczya
2239 3633 2305 3717 vid
2414 3717 2419 3724 ,

648 3751 937 3835 ceoancellarii
958 3748 1098 3859 Regni
1120 3751 1251 3833 nostri
1272 3750 1446 3835 Polonie
1465 3752 1628 3838 sineere
1649 3752 1772 3836 nobis
1795 3751 2054 3838 dilectorum.
