5409 6309
1376 839 1656 911 ..100³-

681 1054 822 1156 partes
852 1070 951 1127 vero
981 1017 1258 1174 personaliter
1289 1045 1333 1120 et
1360 1064 1437 1146 per
1468 1064 1516 1118 se
1544 1036 1588 1118 in
1619 967 1764 1119 nostra
1783 1037 2008 1143 presencia
2028 1037 2270 1142 constitute,
2291 1039 2349 1121 ad

680 1164 948 1273 peticionem
952 1156 1240 1267 presencium,
1262 1154 1401 1238 dictim
1424 1154 1618 1237 dominus
1641 1150 1844 1237 Sdeslaus
1866 1153 2139 1236 concordiam
2159 1157 2349 1263 parcium

602 1345 603 1348 a
682 1306 823 1365 coram
853 1275 976 1358 nobis
1006 1272 1175 1382 publice
1206 1273 1447 1381 proposuit
1468 1278 1511 1362 et
1524 1265 1866 1380 proposicionem
1896 1270 2043 1378 ipsius
2049 1280 2231 1382 utraque
2252 1301 2351 1382 par·

682 1398 794 1480 cium
816 1391 1082 1503 approbans,
1116 1388 1391 1493 confirmans,
1422 1388 1481 1472 Et
1507 1389 1609 1471 licet
1637 1382 1823 1497 utraque
1852 1386 2044 1523 parcium
2067 1389 2120 1471 de
2140 1390 2273 1474 verbo
2294 1389 2351 1473 ad

681 1511 915 1598 verbum
882 1537 943 1593 sic
967 1535 1059 1591 esse
1082 1517 1245 1590 asseret
1264 1517 1314 1589 ut
1335 1517 1400 1588 est
1417 1508 1692 1616 premissum,
1715 1505 1770 1588 ad
1792 1507 1994 1589 maiorem
2014 1514 2158 1588 tamen
2180 1508 2351 1591 certitu·

684 1632 823 1713 dinem
846 1657 898 1711 ex
914 1654 985 1711 ore
1005 1625 1196 1742 parcium
1214 1624 1332 1710 hoc
1320 1651 1461 1733 ipsum
1482 1624 1629 1706 audire
1648 1623 1860 1725 volentes,
1876 1632 2019 1732 partes
2043 1624 2238 1707 duximus
2261 1655 2352 1707 am·

683 1746 937 1849 monendas,
960 1771 1140 1856 quarum
1160 1770 1258 1848 una,
1278 1741 1479 1825 videlicet
1499 1741 1655 1827 Comes
1676 1738 1885 1824 Ratoldus
1905 1737 2015 1821 filius
2032 1738 2253 1826 Johannis
2258 1739 2352 1828 Ziia

557 1861 561 1866 ’
685 1860 992 1973 cognominati,
1024 1867 1177 1969 perse
1210 1869 1253 1941 et
1274 1861 1442 1943 nomine
1473 1855 1645 1944 suorum
1675 1857 1856 1941 filiorum
1885 1855 2056 1967 publice
2086 1847 2352 1944 renunciavit

684 1991 902 2094 perpetuo,
925 1978 1168 2115 simpliciter
1188 1986 1232 2058 et
1251 2006 1357 2085 pure
1378 1979 1491 2061 omni
1511 1979 1590 2059 iuri
1609 1986 1872 2096 patronatus,
1889 1976 2032 2087 quod
2020 2004 2064 2056 in
2081 1977 2198 2060 dicta
2217 1977 2353 2062 eccle·

686 2100 750 2181 sia
771 2128 823 2188 ex
843 2097 1115 2180 successione
1145 2096 1278 2206 patris
1301 2104 1344 2176 et
1364 2122 1537 2182 suorum
1541 2087 1886 2232 progenitorum
1917 2121 1964 2176 se
1994 2093 2155 2177 habere
2177 2106 2353 2178 conten·

629 2271 633 2276 -
687 2215 828 2300 debat.
876 2212 1025 2296 Verba
1047 2223 1189 2295 autem
1211 2239 1288 2295 sue
1308 2213 1646 2297 renunciacionis
1682 2202 1852 2295 fuerunt
1872 2211 1953 2293 sub
1973 2211 2056 2293 hac
2076 2211 2225 2296 forma.
2257 2213 2357 2330 Ego

574 2337 577 2344 ’
686 2333 771 2418 Rat
772 2332 892 2416 oldus
915 2333 1021 2442 cedo
1044 2342 1088 2413 et
1106 2331 1308 2422 renuncio
1329 2332 1408 2413 iuri
1428 2339 1679 2439 patronatus
1713 2357 1900 2433 exnunc,
1921 2331 2095 2441 siquod
2114 2327 2268 2444 habui,
2289 2331 2355 2415 vel
2453 2381 2458 2384 -

685 2450 843 2536 habere
865 2479 932 2530 me
955 2460 1055 2533 cont
1038 2447 1207 2532 tendo
1196 2475 1240 2528 ιιι
1268 2448 1452 2532 ecclesia
1487 2455 1739 2547 memorata,
1772 2455 1816 2529 et
1846 2389 2051 2530 cdnfiteor
2088 2447 2355 2531 abbatemet
2413 2549 2417 2556 .

509 2671 511 2678 y
558 2607 561 2612 ·
686 2576 856 2656 monast
859 2569 991 2649 erium
996 2553 1187 2678 publice,
1204 2573 1258 2647 et
1267 2565 1453 2671 clare,
1421 2593 1510 2652 sine
1532 2567 1675 2677 aliquo
1698 2593 1856 2667 errore,
1879 2591 1972 2646 esse
1993 2573 2195 2674 patronos
2220 2567 2354 2649 eecle-

688 2687 748 2770 sie
768 2685 855 2766 iam
878 2685 1010 2790 dicte,
1034 2685 1170 2768 abbas
1192 2711 1293 2770 vero
1316 2712 1367 2770 eo
1388 2697 1605 2794 presente,
1638 2682 1741 2793 quia
1773 2682 1953 2766 ecclesia
1982 2681 2172 2766 vacabat
2193 2684 2246 2765 de
2266 2686 2354 2767 iure

688 2812 732 2890 et
753 2803 806 2887 de
827 2801 963 2906 facto,
985 2802 1040 2884 ad
1062 2802 1219 2883 dictam
1242 2801 1467 2886 ecclesiam
1488 2802 1610 2886 nobis
1628 2801 1843 2910 quendam
1860 2803 2121 2910 presentavit
2135 2812 2355 2916 tamquam

686 2948 812 3004 verus
836 2930 878 3004 et
897 2919 1112 3030 legitimus
1133 2927 1353 3028 patronus.
1403 2921 1462 3008 Et
1481 2947 1558 3004 nos
1580 2919 1638 3001 ad
1656 2919 2021 3029 presentacionem
2053 2920 2204 3028 ipsius,
2241 2919 2354 3002 dicto

687 3037 871 3126 Ratoldo
894 3049 1091 3150 presente
1116 3046 1159 3119 et
1180 3038 1398 3142 audiente,
1421 3038 1580 3121 adhoc
1601 3046 1754 3122 vocato
1777 3064 1862 3121 non
1885 3036 2221 3137 contradicente,
2240 3036 2354 3119 hanc

689 3157 941 3237 sententiam
960 3153 1012 3237 de
1030 3157 1148 3238 dicta
1164 3154 1344 3237 ecclesia
1361 3157 1567 3241 canonice
1587 3155 1879 3239 investivimus
1901 3155 2166 3263 perennitus,
2186 3156 2356 3237 nomine

687 3272 860 3359 Domini
879 3276 1090 3357 invocato
1116 3274 1204 3380 xNe
1225 3283 1370 3356 autem
1393 3274 1446 3360 de
1463 3283 1617 3358 cetero·
1631 3301 1758 3382 super
1779 3275 1868 3354 iure
1900 3273 2149 3382 patronatus
2180 3273 2356 3355 ecclesie
2431 3373 2435 3380 Ι

688 3391 893 3500 premisse
916 3391 1087 3500 aliquod
1110 3389 1286 3472 dubimn
1306 3401 1558 3493 moveretur,
1580 3390 1716 3476 abbas
1739 3401 1783 3474 et
1802 3400 2039 3475 conventus
2059 3394 2145 3473 iam
2168 3391 2281 3487 dicti,
2302 3387 2357 3476 ad

689 3517 940 3618 perpetuam
961 3508 1022 3592 rei
1042 3508 1307 3611 memoriam,
1339 3507 1421 3592 sibi
1448 3517 1670 3618 presentes
1702 3507 1842 3620 sigillo
1860 3518 2003 3596 nostro
2024 3510 2238 3647 signatas,
2266 3505 2358 3590 fieri
2473 3581 2478 3586 .

692 3633 734 3707 et
755 3624 848 3708 dari
866 3624 1077 3708 humiliter
1092 3625 1442 3735 postulaverunt.
1493 3626 1684 3709 Actum
1672 3655 1715 3707 ιιι
1737 3635 1876 3708 castro
1900 3621 2181 3709 Crotoniensi
2169 3656 2211 3708 ιιι
2234 3623 2357 3709 domo

691 3741 746 3823 ad
768 3741 990 3826 ecclesiam
1026 3744 1162 3825 sancti
1198 3740 1438 3845 Michaelis,
1471 3771 1582 3827 anno
1616 3743 1773 3827 domini
1808 3742 2027 3827 Millesimo
2066 3745 2355 3856 ducentesimo
2398 3789 2405 3803 ·

689 3860 968 3972 nonagesimo
990 3871 1129 3996 sext03
1169 3870 1321 3971 quarto
1357 3860 1502 3945 Nonas
1539 3860 1652 3971 Maij.
1704 3860 1979 3946 Presentibus
2011 3871 2054 3943 et
2075 3841 2248 3944 audient
2232 3862 2357 3964 tibus,
2485 3915 2490 3928 ·

689 4002 870 4175 puerum
891 3979 1062 4061 nomina
1082 3979 1154 4064 hic
1175 3977 1396 4062 habentur·
1430 3978 1585 4063 Comes
1607 3979 1808 4064 Nicolaus
1830 3977 1974 4062 Judex
1995 3977 2358 4086 Sandomiriensis,

643 4187 646 4202 ¹
728 4094 922 4180 acoslaus
946 4093 1066 4184 Sub·
1070 4096 1341 4184 Camerarius
1380 4096 1560 4184 Oracov.
1600 4106 1730 4181 ett
1680 4075 1925 4206 Stephanus
1956 4107 2202 4212 procurator
2234 4097 2354 4181 Orac

689 4205 1108 4317 Ducatrs,01ricus
1145 4212 1302 4300 Custos
1323 4214 1595 4325 Kyelcensis,
1628 4213 1830 4302 Sdeslaus
1851 4199 2115 4319 anouicus,
2136 4241 2358 4300 causarum

693 4325 872 4416 eccles...
925 4329 1127 4415 Nicolaus
1164 4342 1309 4417 custos
1347 4335 1485 4416 sancti
1503 4330 1695 4438 Andree,
1719 4331 1852 4419 etalii
1874 4363 2004 4446 quam
2023 4276 2225 4446 pluies
2184 4362 2263 4418 vm
2253 4332 2360 4416 '·ho

690 4449 802 4531 nesti
823 4457 868 4531 et
887 4447 973 4534 fide
995 4448 1125 4564 digni.
1218 4531 1221 4536 .
