5409 6309
912 938 916 951 ,
1048 836 1225 912 -255
1281 868 1346 941 h.

351 1038 412 1135 da,
429 1034 640 1122 nauseo
654 1036 731 1148 (θ),
767 1006 1025 1141 llrocnkone
1046 1036 1098 1118 de
1122 1034 1469 1145 Sondziaszowijcz
1490 1029 1559 1148 (⁶),
1594 970 1816 1125 Jasnlrnne
1846 1046 1898 1129 de
1930 984 2021 1133 Ra.

348 1154 428 1237 dno
448 1148 505 1292 tl)
528 1153 775 1256 heredibus,
799 1162 842 1235 et
863 1151 896 1238 J
896 1148 1062 1274 ohanne
1089 1152 1208 1290 dicto
1243 1149 1417 1289 Glodpsz
1450 1150 1831 1262 Vioeprocnratore
1854 1160 2021 1250 Sanda-

351 1298 480 1361 oensr.
541 1271 704 1355 Datum
724 1299 800 1381 per
820 1294 973 1353 manus
995 1270 1152 1354 domlm
1173 1267 1385 1354 Johannrs
1408 1268 1661 1382 Cancellarij
1683 1278 1827 1360 nostri.

350 1524 433 1584 niue,
447 1522 523 1569 narn
537 1500 627 1567 illins
652 1499 791 1587 legimns
817 1501 1041 1567 testimoninm
1068 1498 1241 1569 sororibus
1264 1497 1301 1565 S.
1315 1497 1432 1565 Clarae
1449 1498 1718 1571 Sandeoensibns
1746 1506 1857 1573 datum
1872 1510 1913 1579 de
1929 1523 2023 1577 certa

351 1607 437 1671 aqua
450 1596 485 1651 et
498 1584 689 1651 molendino
705 1584 739 1649 in
756 1607 858 1669 opere
869 1586 937 1669 jam
951 1582 1085 1649 laudato
1108 1581 1289 1665 „Dodatek
1303 1591 1318 1645 t
1341 1582 1555 1668 godniowy‚”
1579 1590 1670 1651 1852.
1695 1588 1750 1652 Nr.
1762 1593 1813 1653 44.

453 1672 494 1750 (ὅ)
518 1670 689 1736 Maloezow
705 1666 782 1730 uilla
796 1667 996 1751 parochialis
1011 1667 1045 1731 in
1060 1668 1199 1753 regione
1223 1605 1477 1748 Miecllot’iens'i,
1509 1668 1567 1732 sed
1584 1679 1617 1733 et
1632 1670 1735 1735 altera
1749 1670 1827 1736 villa
1848 1676 2018 1743 Molosson

350 1763 402 1818 est
417 1751 596 1836 parochiae
611 1752 654 1815 ad
669 1750 827 1835 oppidum
844 1753 926 1830 Xiqe
950 1751 1064 1815 Wiellci
1083 1751 1278 1834 spectantis,
1295 1750 1329 1814 in
1343 1752 1484 1835 regione
1502 1752 1784 1820 Szkalbmiriensi.
1842 1776 1847 1783 ·

337 1884 346 1891 -
381 1874 391 1889 ι
453 1839 497 1917 (⁶)
519 1836 733 1917 Seeleinzowice
748 1834 826 1898 villa
841 1832 1018 1918 parochiae
1035 1831 1355 1901 adltaohwalowice
1372 1840 1568 1919 spectantis,
1596 1839 1744 1925 regionis
1760 1839 2015 1912 Szkalbmirien·
2052 1896 2056 1899 1

350 1919 407 2001 sis,
422 1920 582 1984 territorii
606 1941 685 1982 vero
701 1917 972 1982 Miechoviensis.
1173 1916 1178 1927 ’
1795 1972 1801 1983 ,

451 2002 494 2083 (²)
517 2002 631 2068 Ruclno
646 2002 736 2067 dolce
750 2012 783 2064 et
798 2000 913 2065 Rndno
924 2004 1030 2087 poene,
1057 1999 1139 2065 dnae
1157 1998 1250 2063 villae
1267 2008 1343 2064 aunt
1361 2002 1395 2064 in
1464 2003 1581 2067 ritorio
1604 2004 1859 2085 Mieohoviensi,
1874 2011 2012 2095 regione

348 2108 429 2155 raro
445 2085 711 2152 Proszowicensi
730 2084 840 2167 (villae
857 2094 935 2150 sunt
949 2084 1128 2168 parochiae
1142 2011 1467 2171 Poborowicensig„
1503 2116 1505 2119 ·
1953 2134 1957 2143 .

475 2726 484 2736 ·
569 2728 575 2737 ·
604 2698 1019 2821 Nicpolomleiic
1032 2653 1126 2783 44
1149 2695 1405 2780 Octobris
1428 2696 1571 2783 1³58
1590 2720 1755 2784 anno.

343 2916 463 2993 liuto
475 2904 624 2991 eston
637 2914 822 3007 pomnen
836 2913 1182 3002 unlnntepotomice
1194 2882 1288 2999 nou
1304 2852 1585 2985 aoasrmrro
1599 2933 1710 3026 magno
1724 2933 1798 3007 rega
1810 2919 1974 3005 ronna(
1980 2927 2019 3005 ¹).

431 3121 499 3231 ‚In
519 3123 688 3213 nomine
711 3119 868 3205 domini
903 3116 1064 3231 Amen„
1108 3117 1219 3201 Oum
1253 3118 1403 3201 domus
1428 3118 1506 3219 dei,
1528 3119 1611 3201 hoo
1633 3129 1700 3201 est
1718 3119 1916 3207 Ecclesia
1935 3125 2015 3208 Mi·

245 3283 251 3295 ·
342 3242 487 3341 litans,
507 3267 585 3347 per
607 3237 766 3321 Christi
802 3235 971 3336 fideles,
1008 3235 1227 3342 presertim
1262 3233 1410 3345 Reges
1435 3245 1478 3316 et
1496 3234 1735 3343 Principes,
1779 3237 2015 3327 Salomonis

330 3355 557 3464 exemplo,
578 3353 746 3436 fundari
768 3353 945 3454 debeat,
968 3351 1172 3456 edificari,
1217 3352 1374 3456 dotari,
1396 3379 1447 3433 ac
1469 3356 1513 3436 in
1535 3354 1621 3435 suis
1644 3352 1821 3438 Juribns
1844 3384 2016 3441 conssr-

342 3472 452 3575 uari,
473 3482 521 3554 vt
539 3472 582 3553 in
602 3474 696 3582 ipsa
718 3470 845 3553 deum
868 3470 1092 3572 deuocius,
1123 3470 1211 3553 suis
1241 3498 1339 3552 oum
1371 3468 1572 3572 subditis,
1603 3470 1850 3574 adorantes,
1890 3472 2014 3561 bonis

341 3587 642 3699 temporalibus
662 3590 706 3669 in
725 3616 834 3696 pace
855 3586 1100 3694 tranquilla,
1131 3596 1372 3670 mereantur
1393 3586 1449 3669 ab
1471 3590 1564 3696 ipso
1598 3586 1677 3670 deo
1710 3589 1938 3693 consolari,
1973 3604 2015 3675 et

340 3716 440 3817 post
458 3705 545 3787 uite
566 3707 690 3787 huius
709 3715 922 3811 tempora,
937 3704 980 3784 in
997 3703 1192 3786 Ecclesia
1212 3704 1500 3815 triumphante
1521 3713 1724 3814 perpetua
1746 3705 1835 3789 vite
1855 3710 2013 3817 gaudio

343 3823 556 3934 prumien,
592 3824 774 3906 Proinde
804 3823 895 3906 Nos
924 3819 1165 3904 Kanimirus
1188 3822 1257 3907 dei
1278 3824 1425 3931 gracia
1445 3824 1538 3907 Rex
1558 3822 1750 3924 Polonie‚
1773 3851 1824 3905 ac
1845 3823 2013 3937 Russie,

267 3974 270 3980 ·
341 3969 508 4025 necnon
538 3932 745 4023 terrarum
768 3948 810 4020 et
828 3940 1078 4022 Ducatuum
1110 3938 1339 4042 Oracouie,
1372 3938 1657 4042 Sandomirie,
1696 3939 2014 4048 SyradieLan·

222 4088 225 4093 ·
342 4060 469 4160 eicie,
490 4057 705 4160 Mazouie,
746 4056 970 4160 Dobrinie‚
1012 4056 1225 4162 Ouyauie‚
1255 4055 1615 4167 Pomoranieque,
1653 4057 1845 4147 domiuus
1886 4084 2012 4142 verus

337 4168 548 4295 etheree,
583 4183 788 4283 perpetue
825 4174 1026 4257 memoria
1063 4175 1430 4279 commendantes,
1467 4185 1554 4258 tam
1589 4173 1859 4283 presentibus
1882 4203 2009 4285 quarn

343 4289 518 4407 suturis,
551 4292 702 4374 harum
738 4293 891 4375 seriem
923 4293 1136 4375 literarum
1158 4293 1431 4400 inspecturis,
1462 4296 1607 4377 notum
1636 4289 1817 4375 facimus
1854 4289 2012 4401 quibus

356 4526 367 4599 ζ
386 4580 391 4589 ,
415 4578 420 4595 ,
444 4523 488 4669 q)
508 4523 538 4591 E
554 4508 666 4589 tabula
691 4543 893 4605 pergamena
917 4522 1107 4593 authentica
1129 4514 1381 4670 Niepolomiciis
1396 4522 1484 4606 apud
1499 4522 1657 4668 praeposi
1672 4544 1725 4586 nm
1740 4520 1807 4586 loci
1822 4532 1857 4587 et
1870 4521 2009 4587 canoni-

341 4628 415 4672 cum
431 4605 455 4672 S
472 4604 623 4690 upscium
638 4614 819 4671 asservata.
841 4606 1021 4673 Funiculus
1036 4607 1129 4672 rubri
1145 4629 1185 4672 co
1200 4606 1269 4672 oria
1286 4604 1425 4670 sericus.
1462 4606 1510 4670 Re
1524 4607 1633 4689 iqurae
1650 4614 1777 4671 tantum
1792 4604 1893 4691 sigilli
1906 4607 2009 4690 maje-

340 4690 450 4755 statioi
465 4690 637 4772 videntur3
652 4688 687 4752 in
701 4687 758 4753 illo
774 4699 875 4774 caput
890 4688 1010 4755 collum
1024 4701 1058 4757 et
1074 4692 1209 4756 dorsum
1227 4712 1366 4777 magnae
1396 4688 1524 4773 aquilae
1554 4689 1758 4755 Polonorum
1774 4688 1921 4756 exhibita
1935 4711 2010 4757 cum

339 4797 405 4841 nna
419 4774 480 4857 ala,
495 4774 605 4860 aquila
628 4795 710 4838 vero
727 4776 853 4859 corona
868 4782 920 4840 est
934 4774 1094 4855 redimita,
1111 4776 1145 4842 in
1160 4776 1282 4841 ambitu
1309 4772 1412 4839 verba
1437 4775 1571 4861 penitus
1587 4773 1708 4838 deleta:
1732 4776 1901 4856 „Karimir
1903 4817 2010 4839 ..........

337 4858 473 4925 moroie”
489 4874 530 4924 er
545 4857 750 4959 alteravero·
758 4867 854 4943 parte
869 4856 971 4944 sigilli
985 4856 1123 4945 angelus
1134 4880 1208 4923 cum
1220 4880 1302 4926 vero
1316 4858 1524 4944 conspicitur
1535 4865 1568 4923 et
1577 4856 1732 4949 leguntur
1744 4857 1848 4922 verba
1858 4854 2007 4939 (finalia),

337 4942 577 5030 msoriptionia:
588 4964 758 5035 moram
