5409 6309
1045 879 1323 956 -sst-

360 1084 604 1198 assignavit
635 1082 823 1171 Residua
840 1112 942 1171 vero
963 1085 1077 1170 bona
1096 1085 1364 1168 remanentia
1383 1083 1427 1165 iu
1449 1081 1571 1169 domo
1592 1081 1814 1193 prehabito
1833 1083 1889 1166 ad
1908 1112 2006 1195 pro·

358 1206 510 1310 ximos,
530 1204 798 1314 virorumque
819 1233 963 1290 eorum
983 1205 1140 1288 amicos
1163 1204 1316 1288 divolvi
1336 1202 1566 1305 debebunt,
1587 1203 1820 1286 secundum
1852 1233 2006 1316 equam

360 1323 605 1407 divisionem
640 1324 807 1431 ultimo;
828 1324 984 1409 sivero
1018 1324 1174 1435 longus
1209 1324 1359 1433 paulus
1379 1332 1500 1434 pater
1520 1321 1709 1405 stanislai
1728 1324 2007 1433 prenominati

358 1468 407 1526 se
426 1443 557 1526 vellet
578 1443 631 1524 de
650 1445 877 1528 nominatis·
891 1452 1064 1526 'eentum
1083 1442 1233 1525 marcis
1257 1470 1353 1526 cum
1382 1439 1693 1553 quinquaginta
1713 1443 1864 1524 mareis
1887 1454 2008 1527 ante-

358 1586 489 1671 quam
509 1561 716 1647 aduncos
739 1563 955 1654 devenerit
937 1561 1271 1701 tintromittere,
1287 1570 1441 1644 extunc
1463 1560 1654 1643 consules
1675 1559 1885 1669 prehabiti
1905 1589 2007 1647 con

356 1680 513 1764 sentiro
533 1706 619 1764 non
639 1690 849 1768 tenentur
900 1682 950 1766 ln
971 1682 1088 1765 cuius
1108 1708 1169 1762 rer
1158 1681 1449 1791 evidenciam
1470 1679 1602 1763 nostri
1621 1677 1866 1762 scabinatus
1887 1680 2007 1792 sigil-

355 1798 443 1883 lum
484 1797 678 1883 duximus
719 1800 1059 1937 appendendum.
1110 1798 1270 1881 Datum
1306 1784 1459 1912 quarta
1488 1796 1595 1881 faria
1622 1807 1721 1907 post
1741 1798 2004 1883 dominicam:

359 1916 489 2016 Quasi
503 1917 618 2000 modo
635 1920 770 2032 perciti.
821 1918 945 2004 Anno
967 1919 1188 2003 millesimo
1210 1919 1625 2031 quadringentesimo
1645 1917 1788 2001 tercio
1842 1914 1888 2001 Si
1907 1945 2007 2004 vero

354 2035 507 2149 longus
527 2036 683 2129 Paulus
706 2037 987 2123 sufficientem
1006 2040 1246 2123 cautionem
1266 2039 1473 2149 posuerit,
1490 2045 1642 2120 extunc
1661 2035 1833 2121 Domini
1853 2062 2009 2121 consu·

354 2154 418 2239 les
442 2156 575 2239 dictas
608 2167 777 2241 centum
806 2184 970 2242 marcas
1002 2186 1098 2241 cum
1130 2158 1441 2270 quinquaginta
1471 2154 1598 2266 paulo
1621 2155 1719 2238 dare
1739 2154 2006 2262 tenebuntur,

356 2275 469 2359 omni
490 2276 656 2385 absque
676 2276 1021 2363 contradictione.

1034 2624 1335 2743 clxxxvii.

513 2901 515 2910 ψ
656 2881 1075 2970 mcum-4
1095 2880 1350 2966 coruom
1374 2876 1526 2968 mos
1543 2899 1711 2965 asso

352 3098 545 3175 nabulo
559 3101 709 3170 Joolown
710 3100 922 3180 admissu
935 3102 1055 3196 mnan
1069 3100 1209 3174 lucitus
1223 3116 1297 3173 rurs
1310 3098 1452 3189 puriora,
1479 3097 1793 3172 burloolmikct
1807 3099 2007 3191 Dolopeia
2038 3047 2042 3052 ι
2123 3211 2130 3224 ·

619 3201 765 3295 lacertis,
790 3202 879 3294 idque
893 3220 984 3294 super
996 3201 1089 3276 lrrio
1104 3203 1209 3282 Poros,
1229 3201 1397 3274 ῦιιιιιιιιι
1412 3200 1565 3274 ornaturi
1579 3200 1673 3275 donat
1689 3203 1739 3284 (¹)

454 3409 543 3495 Nos
563 3409 747 3494 Michael
761 3409 895 3520 judex
915 3418 959 3494 et
977 3409 1219 3494 Dobeslaus
1251 3408 1458 3493 subindex
1488 3416 1599 3492 terre
1619 3404 1910 3495 Oracoviensis
1931 3438 2009 3522 ge·
2160 3505 2166 3517 ο

352 3528 541 3667 neralcs,
550 3538 697 3613 notum
717 3527 895 3612 facimus
918 3528 1071 3638 quibus
1088 3530 1268 3640 expedit,
1284 3529 1488 3614 universis
1503 3529 1769 3639 presentibus
1788 3536 1832 3611 et
1844 3526 2007 3634 firbrris,

351 3648 616 3760 presencium
650 3649 852 3731 noticiam
886 3645 1008 3731 habit
990 3648 1106 3731 turis·
1145 3645 1270 3750 Quod
1307 3648 1517 3731 accedens
1539 3648 1594 3730 ad
1615 3656 1822 3751 nostram,
1841 3656 2007 3731 nostro·

351 3793 529 3877 rumque
551 3792 812 3852 assessorum
831 3765 1116 3878 presenciam,
1156 3767 1368 3852 nobilis
1328 3793 1392 3851 ιιι
1411 3766 1611 3852 Nicolaus
1630 3765 1768 3850 Heres
1792 3766 1844 3849 de
1867 3763 2008 3849 Jodlo-

351 3884 505 3996 wuilrij,
542 3912 670 3969 sanus
706 3895 865 3990 mente,
900 3895 1027 3995 prout
1047 3893 1089 3968 et
1108 3913 1284 4025 corpore
1306 3886 1509 3990 existens,
1543 3912 1629 3970 non
1664 3869 1906 3994 compulsus
1927 3912 2008 3968 nec

353 4013 546 4112 coactus,
568 4006 645 4088 sed
666 4005 716 4087 de
737 4005 851 4089 bona
871 4004 1088 4089 voluntate
1109 4032 1187 4089 sua
1200 4006 1363 4118 jugiter
1390 4003 1632 4114 prehabita,
1653 4003 1984 4092 medietatem
1942 4032 2007 4113 pr-

353 4122 469 4204 scine
490 4150 565 4206 sue
588 4124 752 4206 deserte
772 4124 914 4225 totius,
935 4150 1061 4233 super
1081 4125 1251 4208 flumine
1271 4121 1407 4225 Potolt,
1429 4123 1536 4208 inter
1558 4120 1815 4233 Jodlownilrr'j
1837 4130 1879 4205 et
1899 4123 2007 4206 inter

352 4238 602 4354 Dobropuero
616 4246 845 4351 jacentem,
862 4268 958 4323 cum
979 4244 1112 4353 ipsius
1132 4245 1370 4328 medietatis
1391 4244 1552 4352 piscine
1574 4240 1778 4328 omnibus:
1794 4240 1903 4350 jure,
1924 4240 2008 4324 uti·

351 4357 490 4463 litate,
525 4361 728 4466 dominio,
764 4387 924 4473 aggere
944 4369 987 4443 et
1005 4360 1195 4472 fossatis,
1231 4363 1332 4445 nihil
1353 4389 1429 4472 pro
1451 4389 1496 4445 se
1509 4363 1617 4472 juris
1648 4362 1715 4446 vel
1745 4359 1931 4444 utilitatis
1961 4360 2006 4444 in

352 4479 503 4561 cadem
523 4480 752 4563 medietate
772 4480 932 4590 piscine
951 4481 1226 4585 reservando,
1246 4508 1322 4592 pro
1343 4482 1497 4593 viginti
1515 4483 1669 4566 marcis
1689 4480 1868 4592 pecunie
1890 4503 2007 4563 com·

188 4697 191 4702 ¹
351 4598 510 4702 munis,
530 4599 691 4681 numeri
710 4597 957 4707 polonicalis
978 4599 1187 4703 consueti,
1208 4599 1436 4684 venerabili
1460 4601 1625 4686 domino
1641 4598 1818 4685 Nicolao
1834 4595 2007 4704 Abbati,

351 4718 518 4831 totique
558 4716 784 4802 conventui
822 4717 1064 4803 monasterii
1095 4718 1147 4801 de
1172 4712 1357 4828 Czyrzyoz
1393 4726 1436 4802 et
1467 4719 1653 4830 ipsorum
1694 4716 2008 4803 successoribus

355 4985 382 5004 ··
460 4953 499 5033 (Ι)
522 4950 575 5017 Ex
590 4949 797 5052 archetypo·
787 4973 822 5017 ιιι
838 4950 1015 5019 'fabularis
1031 4950 1206 5037 quodam,
1196 4975 1230 5019 ιιι
1245 4950 1398 5037 Gallicis,
1414 4961 1583 5020 asservato
1604 4948 1784 5041 descripsit
1810 4952 1954 5057 tabulam
1974 4960 2011 5020 ct

355 5035 527 5105 nobiscum
542 5036 795 5104 communicavit
808 5035 975 5127 Josephus
989 5036 1200 5126 Zeplrcwslri.
