5409 6309
1031 835 1306 915 „m-

1078 1233 1270 1360 ortu.

419 1500 491 1582 la
507 1495 719 1602 eppira
744 1488 1083 1583 &adeat—d.
1099 1497 1176 1586 25
1192 1516 1333 1583 men.
1360 1326 1735 1601 mortula&
1752 1506 1917 1612 canc.
2058 1620 2063 1634 ‘

325 1708 637 1792 'vladislaus
658 1671 886 1807 sagello,
903 1717 1044 1793 Polcnlrc
1057 1737 1129 1808 rex,
1143 1719 1300 1811 privilegia
1313 1721 1347 1793 ct
1360 1713 1569 1792 nmmum
1582 1713 1767 1792 morundo
1787 1708 1874 1793 tciri
1886 1712 1996 1793 lorti·

634 1821 810 1895 cranao
824 1839 948 1914 nmo,
961 1820 1193 1912 paduanus
1207 1833 1277 1910 arc,
1292 1840 1468 1910 aarum,
1483 1819 1641 1896 animat
1652 1823 1702 1905 (¹).

444 2025 496 2115 In
516 2023 684 2116 nomine
708 2022 863 2115 domini
896 2049 1033 2114 amen:
1065 2025 1135 2114 ad
1154 2005 1408 2142 perpetuam
1424 2025 1485 2114 rel
1504 2030 1758 2115 memoriam.
1791 2020 1994 2129 Quamvis

226 2202 239 2227 .
346 2143 532 2261 dignitas
552 2141 693 2263 Regia
713 2171 764 2232 ex
783 2157 1006 2259 assumpto
1026 2143 1152 2234 oficio
1172 2145 1362 2259 quodam
1394 2143 1537 2236 debito
1568 2144 1769 2262 singulari
1794 2156 1992 2232 ’teneatur

343 2263 606 2360 subditorum
626 2286 797 2353 suorum
823 2265 1044 2352 intendere
1076 2267 1320 2375 commodis,
1354 2267 1518 2353 illorum
1554 2279 1698 2355 tamen
1724 2269 1926 2380 precipue
1946 2293 1992 2349 se

310 2467 312 2472 .
342 2384 501 2473 fatetur
519 2387 659 2500 magis
679 2383 929 2472 debitricem
968 2405 1076 2500 quos
1105 2381 1250 2472 mundi
1284 2385 1421 2472 cernit
1457 2390 1647 2474 deserere
1682 2387 1854 2472 delicias
1874 2396 1918 2469 et
1937 2385 1994 2469 ad

342 2507 489 2593 laudes
510 2499 731 2592 saluatoris
745 2515 912 2591 mentes
935 2506 1067 2618 digne
1089 2501 1469 2618 contemplacionis
1497 2508 1647 2592 studiis
1665 2505 1843 2592 elevare.
1888 2506 1993 2592 Pro-

341 2617 440 2712 inde
460 2644 537 2713 nos
556 2616 798 2710 Vladislaus
822 2623 890 2710 dei
911 2626 1058 2739 gracia
1077 2623 1169 2713 Rex
1188 2624 1363 2716 Polonie
1384 2649 1463 2710 nec
1483 2649 1569 2714 non
1587 2635 1792 2711 mnarum
1806 2622 2012 2713 Gracco·-

340 2740 408 2831 vie
425 2737 529 2862 (sie)
548 2737 826 2851 bandomina,
849 2737 1023 2849 Siradic,
1051 2741 1268 2851 Lancicie,
1298 2743 1514 2852 Ouiaviae,
1548 2741 1862 2858 Lithuanieque
1879 2745 1994 2857 prin·

240 2923 249 2934 ·
342 2885 441 2976 ceps
463 2885 698 2976 supremus,
718 2861 978 2968 Pomeranie,
998 2862 1240 2977 Russieque
1277 2863 1471 2951 dominus
1489 2872 1532 2949 et
1547 2864 1681 2970 heres,
1702 2862 1992 2974 significamus

338 2994 484 3070 tenore
511 2985 778 3096 presencium
799 2981 954 3094 quibus
975 2981 1147 3092 expedit
1165 2978 1371 3067 uniuersis
1386 2979 1652 3095 presentibus
1669 2990 1713 3067 et
1726 2980 1876 3065 firnrris
1892 3000 1992 3092 prb-

338 3103 529 3188 sencium
549 3100 749 3188 noticiam
770 3098 992 3204 habituris,
1028 3097 1241 3213 quomodo
1273 3103 1329 3186 ad
1348 3112 1490 3188 nostre
1510 3099 1744 3186 maiestatis
1780 3099 1988 3184 accedens

268 3241 304 3322 ο
339 3219 603 3335 presenciam
621 3217 859 3331 relligiosus
894 3217 1023 3303 frater
1042 3211 1232 3305 nicolaus
1252 3215 1468 3306 Mnisszek
1502 3220 1719 3308 confessor
1739 3228 1782 3304 ct
1799 3211 1992 3331 predica·

341 3351 408 3428 tor
427 3349 572 3426 noster
589 3331 772 3424 devotus
793 3337 973 3424 dilectus
993 3347 1226 3425 conventus
1259 3340 1505 3426 monasterii
1538 3338 1678 3426 sancti
1712 3338 1861 3426 Crucis
1880 3337 1991 3422 calvi

340 3460 497 3545 montis
506 3455 563 3574 (⁸)
575 3455 731 3545 ordinis
744 3457 882 3542 sancti
897 3453 1118 3543 Benedicti
1128 3460 1359 3569 quamdam
1373 3461 1538 3544 literam
1548 3483 1873 3573 pergameneam
1894 3456 1990 3542 dive

339 3579 538 3666 memorie
574 3574 731 3664 domini
766 3573 967 3663 Oazimin’
1003 3576 1100 3665 olim
1136 3577 1270 3692 Regis
1287 3579 1476 3667 ·Polonie
1510 3579 1820 3691 predecessoris
1859 3580 1991 3662 nostrl

338 3691 469 3812 ipsius
491 3691 630 3812 sigillo
650 3694 801 3782 minori
820 3695 1061 3810 sigillatam,
1081 3706 1292 3783 vetustate
1312 3700 1397 3784 iam
1419 3709 1725 3810 consumptam,
1747 3699 1991 3807 omnipror·

338 3841 410 3903 sus
430 3818 541 3904 ulcio
564 3826 609 3901 et
627 3816 866 3924 suspicione
889 3825 1113 3922 carentem,
1135 3811 1187 3902 de
1209 3826 1253 3901 et
1272 3844 1401 3931 super
1422 3820 1605 3904 omnium
1623 3809 1834 3903 'bonorum
1855 3826 1899 3898 et
1911 3813 1991 3899 uil-

237 3992 242 4004 ·
337 3937 471 4023 larum
490 3929 664 4021 claustri
685 3945 728 4019 et
742 3946 977 4021 conventus
991 3936 1279 4045 predictorum
1298 3937 1574 4025 libertacione
1589 3945 1633 4021 et
1649 3937 1917 4047 exempcione
1933 3933 1990 4020 ab

340 4054 643 4160 exactionibus,
659 4051 963 4161 solucionibus,
984 4053 1387 4163 contribucionibus,
1417 4056 1599 4162 tributis,
1628 4055 1825 4158 collectis,
1847 4080 1873 4138 a
1892 4052 1987 4168 sepi,

337 4202 495 4278 narrar,
525 4166 718 4285 perediae
751 4171 981 4286 vulgariter
1030 4169 1265 4259 Crolieattao
1295 4178 1504 4283 uenturis,
1539 4175 1754 4281 ducunis,
1782 4169 1989 4288 poduodis,

339 4317 553 4405 agrorum,
569 4302 801 4404 pratorum,
817 4295 1019 4379 messium
1040 4292 1151 4407 (sic),
1172 4297 1383 4406 poncium,
1403 4292 1634 4400 laboribus,
1654 4306 1698 4379 et
1717 4294 1772 4379 ab
1792 4290 1988 4377 omnibus

308 4410 535 4526 angariis,
555 4414 829 4617 preangariis,
848 4409 1053 4498 molestiis
1082 4415 1264 4498 omnium
1308 4407 1452 4527 Regni
1485 4412 1655 4522 Polonie
1687 4408 1988 4515 Palatinarum,

209 4591 212 4596 <
339 4531 672 4636 castellanorum,
733 4532 1037 4643 apitaneom
1051 4530 1257 4641 judicum,
1278 4529 1560 4636 subindicum,
1584 4543 1627 4618 et
1647 4531 1890 4644 quorumvis
1911 4524 1988 4615 ofi-

433 4734 483 4815 ‘(¹l
504 4732 557 4800 Ex
569 4729 919 4832 ‚libromannmripta
930 4729 975 4797 de
987 4732 1136 4832 quonjam
1151 4749 1251 4818 supra
1263 4731 1357 4821 legas
1372 4732 1408 4798 in
1422 4733 1633 4833 annotatione
1642 4732 1687 4799 ad
1698 4730 1844 4798 bbulam
1859 4750 1908 4797 nr.
1925 4728 1987 4798 CV

338 4821 579 4974 plaeertfflctomr
589 4825 679 4881 term
690 4814 836 4895 Codrms,
848 4814 889 4881 ab
901 4814 1119 4883 rllustnssrmo
1134 4812 1246 4883 Leone
1254 4813 1303 4883 Ra
1329 4838 1507 4885 screwscro
1518 4808 1733 4917 apographon
1748 4813 1985 4906 depromptum.

369 4906 377 4921 '
506 4900 691 5075 albgis
704 4900 847 4968 civitatis
862 4900 1035 4990 Siupensis
1051 4901 1093 4969 ad
1106 4900 1291 4972 montsmC
1324 4924 1401 4969 vum
1416 4901 1510 4984 sitae,
1523 4904 1558 4970 in
1572 4927 1607 4972 se
1623 4910 1779 4972 conaret

437 4988 483 5071 (²)
607 4997 697 5077 poca
714 4985 836 5055 calvus
849 4987 959 5068 Mons,
975 4986 1016 5056 de
1031 5008 1098 5073 quc
1108 4989 1179 5074 ,jam
1190 5005 1300 5076 supra.
