5409 6309
1028 1614 1032 1621 ’
1123 1591 1324 1710 nixi
1713 1732 1718 1747 ¹

565 1952 575 1985 ,λ
643 1846 1188 1959 warum-urens
1206 1838 1411 1953 annin
1428 1840 1569 1973 roro
1587 1864 1751 1981 anno.

374 2066 593 2144 nemenio
608 2067 714 2142 trlov
728 2044 821 2141 iiius
834 2068 942 2179 inbre
956 2066 1047 2243 nih:
1061 2086 1136 2242 ιτιιιε
1150 2032 1467 2255 Ζοώοωῃοιῑῶηιέη,
1489 2064 1659 2141 umbro
1673 2062 1903 2140 senionidrmi
1917 2068 2029 2141 immi

512 2216 515 2225 ,
1037 2188 1054 2241 r
1089 2188 1204 2258 πων,
1218 2186 1277 2244 nr
1321 2204 1324 2213 r
1379 2218 1387 2236 .
1649 2187 1654 2197 ·
1753 2192 1757 2203 ·

386 2432 389 2439 ν
475 2383 564 2471 Nos
583 2381 719 2469 Pelka
733 2379 901 2484 dudan,
936 2380 1181 2489 Prandotba
1211 2377 1433 2467 Subindex
1462 2377 1836 2465 Sandomiriensos.
1886 2378 2026 2463 Reco-

375 2496 619 2613 guoscimus
641 2520 691 2585 ac
708 2500 882 2609 publice
917 2510 1196 2609 protestamur
1230 2498 1457 2603 uniuersis,
1490 2506 1589 2583 tam
1608 2496 1873 2608 presentibus
1894 2526 2027 2608 quarn

372 2621 520 2705 futuris
555 2630 791 2729 presentem
824 2620 986 2705 literam
1021 2606 1285 2730 inspecturis:
1334 2613 1557 2717 Quomodo
1578 2618 1729 2703 nobilis
1749 2618 1812 2703 vir
1834 2618 2027 2701 dominus

371 2740 581 2827 Nemersa
599 2739 729 2825 filius
751 2737 965 2848 quondam
997 2739 1154 2825 domini
1173 2738 1298 2825 Pelce
1317 2738 1440 2821 heres
1464 2737 1515 2821 de
1531 2728 1676 2823 leuton
1699 2732 1754 2849 (⁹)
1775 2738 1946 2819 veniens
1969 2734 2027 2819 ad

372 2867 559 2944 nostram
578 2859 839 2966 presenciam
859 2884 963 2943 sane
984 2860 1132 2943 mentis
1154 2858 1350 2960 existens,
1366 2884 1451 2940 non
1468 2858 1720 2966 compulsus,
1737 2881 1817 2939 nec
1839 2865 2026 2955 coactus,

372 3006 451 3060 nec
473 2976 616 3087 aliquo
638 3003 773 3060 errore
795 2977 1014 3078 seductus,
1046 2976 1122 3058 sed
1144 2976 1195 3057 de
1216 3003 1332 3058 mera
1353 3003 1404 3056 ac
1425 2974 1557 3057 libera
1577 3001 1655 3057 sua
1674 2973 1904 3076 voluntate,
1935 2998 2025 3055 ma·

372 3107 556 3206 turoque
587 3096 813 3177 amicorum
853 3120 1023 3177 suorum
1046 3095 1216 3178 consilio
1238 3121 1365 3203 super
1385 3092 1464 3175 hec
1486 3091 1632 3178 habito
1653 3091 1774 3177 villas
1796 3090 1960 3174 Zocbow
1984 3100 2027 3172 et

375 3329 605 3417 castellano
646 3328 973 3419 Sandomiriensi
1007 3359 1086 3415 nec
1117 3359 1201 3417 non
1240 3331 1385 3415 heredi
1407 3330 1459 3415 de
1481 3330 1675 3417 Tburnow
1710 3356 1786 3439 pro
1822 3329 2024 3412 nocentis

374 3450 525 3535 marcis
562 3477 804 3565 grossorum
838 3453 1109 3561 pragensium
1137 3451 1430 3564 ‚quadraginta
1462 3458 1557 3534 octo
1590 3474 1760 3561 grossos
1792 3447 2027 3557 quamlibet
2136 3464 2138 3469 ·

374 3565 842 3668 macedoniensium,
868 3579 909 3649 et
927 3595 1002 3678 pro
1021 3569 1162 3657 medio
1181 3570 1304 3653 laneo
1325 3570 1493 3653 racione
1525 3568 1872 3651 commutacionis
1893 3567 2026 3679 wlga-

342 3684 348 3699 “
375 3690 477 3773 riter
498 3682 697 3770 Othmani
718 3695 960 3796 nuncupate
981 3688 1111 3773 libero
1133 3689 1172 3771 in
1194 3688 1295 3779 villa
1315 3686 1488 3775 Zandzr'n
1503 3697 1766 3801 nuncupata,
1789 3687 1905 3799 quod
1927 3683 2025 3799 (sic)

378 3807 547 3920 quidem
567 3805 751 3888 medium
771 3805 937 3888 laneum
960 3805 1151 3889 dominus
1183 3798 1402 3891 Johanne's
1425 3792 1690 3905 dastenanus
1715 3800 2027 3893 Sandomirien·

378 3926 435 4008 sis
457 3924 700 4035 prehabitus
720 3926 763 4006 in
785 3924 933 4008 eedem
967 3953 1045 4007 sua
1080 3926 1180 4010 villa
1214 3925 1328 4010 solus
1366 3923 1692 4008 exmsnsumbat
1725 3948 1869 4008 coram
1903 3923 2028 4009 nobis

377 4044 626 4159 recognovit
645 4036 691 4126 s'e
712 4043 970 4157 uendidisse,
1006 4040 1124 4145 Quas
1163 4046 1331 4156 quidem
1343 4045 1612 4131 'hereditates
1634 4041 1863 4159 Zocborn'et
1883 4044 2027 4129 slbzesn

379 4155 641 4272 prenotatas,
678 4160 882 4255 ¹dominus
905 4158 1114 4251 Nemerza
1153 4173 1399 4273 prenotatus
1421 4193 1517 4247 cum
1538 4165 1650 4247 omni
1670 4163 1758 4247 iure
1781 4162 2026 4245 et'dominio

380 4280 508 4364 nichil
527 4281 693 4390 penitus
712 4307 787 4389 pro
809 4306 858 4364 se
874 4282 919 4362 in
941 4282 1098 4365 eisdem
1119 4283 1422 4366 hereditatibus
1449 4281 1708 4366 reseruando
1727 4281 1857 4366 libere
1879 4308 1931 4363 ac
1951 4279 2028 4363 be·

482 4599 528 4681 (¹)
548 4596 727 4663 Slawir'rski
741 4596 916 4682 descripsit
931 4620 971 4662 ex
986 4597 1168 4684 archetypo
1183 4599 1434 4665 membranaceo
1449 4600 1483 4665 in
1495 4599 1636 4685 quodam
1647 4598 1841 4667 Galliciensi
1853 4598 2029 4664 Tabulario

380 4694 561 4750 asservato.
585 4681 712 4747 Tabula
726 4683 798 4768 ipsa
811 4681 929 4748 multas
944 4683 1119 4748 verborum
1148 4683 1409 4749 abbreviationes
1430 4682 1538 4751 babet.
1575 4687 1652 4751 Duo
1670 4685 1778 4773 sigilla
1794 4684 1871 4749 olim
1886 4705 2031 4770 appensa
2113 4682 2117 4688 ’

298 4772 304 4793 “
381 4778 486 4850 erant,
502 4767 635 4834 alterius
651 4776 702 4833 est
716 4776 840 4831 tantum
853 4766 950 4832 hodie
965 4767 1109 4833 taeniola
1122 4789 1331 4854 pergamena,
1344 4768 1481 4834 alterum
1494 4769 1636 4856 sigillum
1650 4793 1789 4859 parvum
1802 4793 1874 4836 cum
1888 4766 2032 4837 taeniola

381 4855 478 4921 etiam
493 4875 694 4940 pergamena
705 4851 790 4916 vidit
803 4851 991 4920 Slawiriski.

486 4941 528 5020 (²)
552 4938 666 5017 (idon,
692 4937 790 5004 hodie
817 4937 893 5004 villa
907 4948 958 5005 est
972 4938 1007 5004 in
1023 4937 1232 5024 Stopnicensi
1258 4938 1427 5005 territorio
1443 4947 1476 5003 et
1491 4937 1734 5024 Szydlowiensi
1758 4941 1894 5028 regione
1915 4944 2029 5028 (pam-
2066 5000 2072 5006 .

383 5023 457 5090 chia
472 5024 586 5110 oppidi
599 5023 751 5105 Szaniee).

485 5126 566 5168 Tenus
580 5124 616 5167 [lb
741 5134 743 5151 ³
1784 5128 1821 5194 41
