5409 6309
959 930 964 937 .

367 1049 454 1137 bns'
467 1046 648 1135 eandem
664 1070 843 1158 pernam
862 1046 1034 1135 domum
1054 1043 1545 1133 habuerunttenuerunt
1562 1053 1606 1128 et
1623 1045 1907 1155 possedeant
1924 1075 2024 1160 pm.

367 1168 467 1253 uido
503 1166 737 1253 desinamo
772 1167 898 1252 iudeo
922 1166 1208 1254 =Orsoouiensi
1223 1195 1336 1248 oum
1367 1163 1499 1276 plena
1516 1162 1699 1249 faciendi
1718 1174 1762 1250 et
1783 1166 2028 1258 dimittendi.

367 1285 568 1372 facultate
590 1287 678 1370 inre
700 1286 952 1373 hereditatio
992 1285 1120 1370 libere
1160 1285 1432 1397 resignarunt
1471 1282 1570 1368 Hos
1609 1293 1806 1369 notanter
1845 1287 2026 1396 incluso,

369 1407 486 1520 quod
520 1434 665 1491 omnes
699 1404 910 1491 terrestres
928 1416 973 1490 et
991 1403 1183 1488 cannella
1216 1403 1296 1487 sub
1319 1413 1363 1486 et
1381 1430 1510 1512 supra
1531 1403 1584 1486 de
1605 1405 1796 1512 predicta
1835 1406 2024 1516 ipsonun

212 1626 214 1629 Ι
369 1526 494 1612 domo
515 1554 673 1636 magna
693 1525 749 1608 ad
768 1536 932 1638 partem
960 1524 1126 1638 prefate
1162 1526 1311 1608 domus
1332 1523 1546 1633 resignate
1568 1523 1888 1636 quomodolibet
1906 1536 2024 1610 tran·

367 1657 540 1727 seuntes
560 1654 603 1726 et
624 1645 852 1729 existencia
882 1644 1042 1730 debent
1060 1670 1135 1755 per
1155 1647 1293 1754 ipsum
1323 1641 1603 1727 dosmanuum
1634 1668 1752 1725 muro
1775 1643 1947 1729 obstrui.
1968 1674 2028 1731 eo

368 1773 571 1873 perpetue
593 1762 732 1846 claudi
752 1774 794 1846 et
815 1790 891 1875 pro
913 1765 1070 1847 eisdem
1088 1764 1283 1848 cancellis
1300 1762 1458 1845 eleusis
1474 1788 1557 1844 vna
1574 1758 1762 1843 fenestra
1776 1763 1833 1844 ad
1848 1763 2021 1850 modum

368 1892 626 1967 eonswetum
649 1909 700 1964 ae
719 1883 961 1991 possibilem
982 1884 1024 1965 in
1047 1884 1162 1967 diota
1195 1910 1356 1994 magna
1393 1879 1517 1964 domo
1553 1889 1700 1964 contra
1736 1878 2024 1969 braxatorium

369 1997 524 2086 Comes
547 1999 645 2115 (sie)
665 2002 708 2084 in
729 2002 943 2110 platheam
967 2003 1018 2084 de
1040 2030 1149 2088 nouo
1170 1999 1382 2112 lapidibus
1402 1999 1615 2109 preperari
1651 1998 2024 2114 Promiseruntque

369 2118 470 2201 dicti
506 2120 789 2233 Resignantes
823 2148 900 2230 pro
937 2123 1049 2203 omni
1082 2122 1350 2230 impetieione
1387 2119 1623 2201 seeundum
1656 2118 1722 2202 ius
1760 2120 1956 2206 Ciuitatis
1980 2130 2024 2206 et

366 2236 510 2348 legem
540 2239 718 2350 Insuper
747 2240 941 2351 promisit
969 2239 1106 2322 diotrrs
1137 2240 1396 2324 desmannus
1426 2237 1577 2322 iudeus
1609 2236 1819 2346 prefatam
1850 2241 2023 2327 domum

273 2394 278 2401 ·
370 2370 551 2466 emptam
573 2387 749 2469 paruam
772 2374 815 2442 et
836 2359 961 2442 aliam
994 2357 1161 2443 domum
1193 2387 1315 2442 snam
1335 2358 1449 2440 eirea
1468 2357 1799 2469 suprascriptam
1820 2389 2025 2473 magnam

368 2473 703 2588 Seepanoonisse
742 2478 911 2560 domum
940 2478 984 2560 in
1012 2477 1186 2588 plathea
1220 2475 1456 2561 dudeorum
1492 2473 1862 2563 fundamentaliter
1896 2481 2022 2569 eitam

367 2624 498 2707 quam
518 2598 630 2681 idem
652 2596 819 2682 Jndeus
839 2596 1050 2682 inhabitat
1064 2599 1101 2680 si
1118 2598 1291 2680 easdem
1305 2596 1375 2679 vel
1392 2596 1567 2680 alteram
1588 2599 1774 2709 ipsarum
1794 2627 1870 2709 per
1883 2602 2023 2710 ipsum

366 2715 435 2797 vel
462 2744 617 2825 pueros
649 2742 748 2802 snos
777 2716 1005 2828 legittimos
1035 2742 1222 2825 vnquam
1253 2715 1379 2798 vendi
1401 2717 1634 2827 contingat
1657 2717 1761 2802 nulli
1781 2714 1924 2804 Jndeo
1945 2720 2023 2804 sed

367 2835 451 2916 ciui
479 2837 662 2920 vendere
694 2835 933 2921 Christiano
966 2833 1207 2943 debentque
1237 2835 1443 2944 sepedicti
1474 2833 1735 2919 Josmannus
1754 2846 1800 2920 et
1819 2840 1885 2922 sui
1905 2842 2025 2947 pueri

368 2952 421 3036 de
443 2954 600 3037 eisdem
636 2951 845 3037 ambabus
881 2955 966 3037 suis
1004 2953 1197 3037 domibus
1231 2953 1397 3065 vigilias
1433 2955 1683 3037 exaeoiones
1724 2964 1769 3037 et
1807 2959 1948 3042 omnia
1981 2967 2023 3041 et

366 3071 534 3182 singula
555 3073 753 3158 Ciuitatis
774 3069 883 3154 dura
903 3070 1155 3181 lacerosque
1177 3070 1437 3156 Christianos
1461 3071 1591 3157 Ciues
1609 3069 1750 3156 sanem
1769 3082 2022 3185 opporteret.

366 3190 403 3283 ei
423 3190 595 3274 easdem
627 3193 778 3276 domus
807 3192 1099 3301 proprietenus
1134 3191 1399 3300 possiderent
1428 3190 1481 3275 In
1502 3189 1634 3277 Ouius
1654 3192 1717 3275 rei
1737 3194 2024 3281 tmtimonium
2062 3252 2066 3257 -

367 3307 560 3421 Sigillum
602 3308 882 3396 Soabinornm
924 3308 1271 3397 Oracouiensium
1319 3309 1606 3420 predictorum
1646 3310 1915 3421 presentibus
1956 3325 2023 3399 est

367 3457 615 3543 appensum.

1061 3777 1339 3895 CLXXVlll·

568 3980 571 3995 ’
630 4035 942 4121 ursonem
956 4078 1003 4097 -
1017 4033 1090 4121 aa
1108 4000 1408 4117 neeman-a
1432 4031 1578 4121 raas
1598 4055 1764 4120 anm.
1925 3974 1930 3983 ’

413 4252 707 4329 vladislaus
729 4254 938 4345 lagen·
951 4252 1208 4343 renlnrstedo
1222 4254 1260 4327 te
1273 4252 1363 4328 olam
1377 4256 1481 4328 uerte
1494 4253 1662 4346 nutrite
1677 4194 1979 4347 carnotenam,

839 4359 1190 4435 ntubntetrans
1205 4352 1362 4448 purtem
1378 4358 1552 4441 minito).
1920 4364 1925 4372 '

470 4567 521 4651 In
540 4571 708 4652 nomine
732 4567 889 4653 domini
909 4594 1043 4652 amen.
1095 4564 1165 4648 Ad
1194 4572 1445 4676 perpetuam
1474 4568 1534 4650 rei
1553 4568 1809 4651 memoriam
1860 4532 2020 4656 Wladi·

194 4682 198 4693 ’
343 4686 480 4773 slaus
514 4685 607 4771 Dei
633 4680 772 4801 gratia
806 4686 898 4773 Rex
936 4685 1135 4773 Poloniae
1158 4692 1238 4769 eto.
1290 4683 1445 4768 Innata
1474 4685 1589 4771 cordi
1610 4695 1755 4805 nostro
1776 4684 2019 4801 benignitas

381 5008 388 5023 ι
430 5008 438 5024 ·
473 4925 512 5003 υ)
534 4922 762 5022 neeesse-su
787 4921 963 5024 eruens
984 4919 1129 4999 seua-
1142 4918 1300 5021 ‘.¹¹·.⁰⁶·⁶¹
1315 4917 1466 4999 smum
1481 4916 1622 5005 tenone,
1647 4888 1953 5024 marren-se,
1978 4948 2020 5025 ᾳ

366 5008 458 5076 libne
472 5031 570 5075 manu
584 5016 716 5097 scriptis
746 5009 913 5097 „Metrykr
926 5007 1093 5077 koronne”
1122 5004 1219 5074 diotre
1241 5004 1304 5073 vol.
1319 5004 1372 5079 98,
1387 5000 1441 5072 fol.
1460 5007 1530 5070 111.
1568 5001 1665 5073 Ceni-
1681 5004 1867 5074 deotissime
1877 5018 2021 5079 mom
