5409 6309
1049 812 1463 910 -ns-‚

457 1021 613 1107 ratium
649 1004 860 1124 cittat0s‚'
878 1013 1022 1134 deex
1057 1017 1172 1100 curie
1208 1024 1352 1101 nostre
1382 1015 1478 1126 jure
1518 1014 1763 1103 theutonico
1804 1017 2023 1104 iudicabit.

459 1141 576 1225 aliter
598 1139 668 1223 vel
687 1139 793 1221 alias
814 1136 1145 1256 cittatiminime
1164 1134 1423 1243 respondere
1444 1142 1680 1217 teneantur.
1713 1134 1892 1219 facimus
1915 1138 2024 1220 enim

457 1259 574 1367 ipsos
596 1255 652 1341 ab
675 1257 789 1341 omni
808 1255 1077 1339 iurisdicione
1100 1252 1198 1366 (sic)
1219 1248 1434 1362 potestate
1455 1260 1499 1334 et
1519 1252 1703 1337 dominio
1741 1252 2028 1367 quorumlibet

459 1375 799 1460 Oastellanorum
819 1372 1127 1474 Palatinorum‚
1160 1371 1386 1473 Judieum,
1419 1369 1777 1476 camerariorum,
1799 1383 1844 1453 et
1863 1370 2026 1457 officia-
2112 1424 2116 1429 »

458 1492 571 1576 lium.
617 1494 923 1603 cuiuscumque
945 1489 1170 1605 potestatis
1190 1515 1267 1574 seu
1287 1488 1547 1572 condicionis
1577 1486 1734 1569 fuerint
1754 1488 1809 1572 ab
1831 1490 2026 1574 omnibus

312 1612 317 1617 ’
458 1609 775 1721 inquietatibus.
814 1637 899 1720 que
928 1610 1000 1719 jus
1032 1607 1355 1690 Theutonicum
1386 1605 1524 1689 solent
1552 1606 1822 1717 perturbare,
1858 1634 2026 1718 semper

459 1728 668 1829 immunes
698 1727 873 1829 liberos,
896 1735 940 1808 et
960 1734 1193 1834 exemptos.
1256 1721 1528 1837 Quicumque
1561 1733 1704 1805 autem
1737 1734 1884 1807 eontra
1914 1726 2026 1807 hanc

461 1845 780 1954 exempcionem
802 1853 845 1925 et
865 1843 1104 1927 libertatem
1133 1843 1250 1950 ipsos
1282 1848 1467 1952 gravare*
1486 1844 1531 1923 in
1552 1842 1694 1953 aliquo
1712 1844 2030 1952 presumpserit

459 1961 801 2075 indignacionem
822 1970 966 2045 nostre
988 1958 1290 2043 dominacionis
1310 1959 1461 2069 proctd
1482 1960 1612 2045 dubio
1633 1988 1680 2045 se
1702 1962 1868 2046 noverit
1886 1963 2029 2047 incur·

461 2104 603 2161 surum
641 2090 685 2160 et
719 2108 875 2188 penam
920 2107 996 2190 pro
1032 2079 1197 2169 meritis
1228 2085 1514 2185 recepturum.
1575 2078 1628 2162 In
1664 2106 1844 2189 quorum
1880 2078 2028 2190 itaque

392 2248 399 2295 3
461 2198 648 2283 omnium
680 2197 945 2281 evidenciam
974 2198 1207 2282 cerciorem
1235 2204 1479 2307 presentem
1507 2194 1672 2281 literam
1694 2196 1906 2281 conscribi
1925 2195 2030 2280 feci-

460 2340 567 2397 mus.
589 2315 809 2425 nostrique
830 2315 955 2426 sigilli
974 2315 1205 2401 munimine
1227 2313 1432 2423 roborarj.
1491 2313 1649 2401 Actum
1680 2315 1850 2423 publice
1885 2310 2031 2396 Croco·
2102 2382 2108 2391 .

461 2431 521 2511 oie
551 2429 674 2515 Anno
707 2432 864 2516 domini
885 2431 1102 2515 millesimo
1123 2433 1423 2516 trecentesimo
1446 2442 1613 2518 octavo.
1637 2442 1790 2543 quarto
1813 2433 2028 2515 callendas
2076 2508 2081 2513 .

461 2547 560 2659 (sic)
581 2548 717 2657 Junij.
767 2548 1045 2634 Pressntrbus
1065 2551 1132 2633 his
1153 2549 1347 2634 testibus.
1379 2550 1558 2637 Nicolao
1579 2551 1780 2661 palatino.
1823 2549 2030 2635 Pacoslao

455 2665 601 2773 judice
623 2664 998 2769 Oracoviensibus.
1050 2667 1226 2755 Albano
1247 2668 1448 2778 palatine.
1498 2666 1682 2754 Smilone
1703 2668 1872 2753 dudice.
1920 2667 2065 2752 San·

465 2783 801 2870 domiriensibus,
833 2785 960 2870 Petro
982 2784 1228 2872 Castellano
1252 2788 1306 2870 de
1328 2783 1567 2899 Maoqoes.
1589 2796 1636 2868 ct
1654 2787 1748 2897 alijs
1770 2790 1901 2897 quam
1936 2787 2031 2896 plu-

349 2999 356 3012 ·
461 2901 577 2985 rimis
614 2901 857 3013 fidedignis.
919 2904 1082 2986 Datum
1114 2933 1193 3014 per
1223 2931 1376 2986 manus
1406 2905 1485 2986 viri
1515 2904 1773 2988 honorabilis
1795 2914 1840 2986 et
1861 2904 2031 2986 discreti

376 3082 380 3089 .
463 3017 624 3103 domini
646 3019 879 3104 Clementis
901 3021 1155 3131 (lancellarij
1179 3021 1503 3110 Oracoviensis..
2109 3113 2116 3121 ¹

385 3132 393 3147 ’
568 3136 659 3219 Nos
679 3162 780 3219 vero
800 3147 945 3225 nostre
966 3137 1280 3223 Dominationis
1300 3166 1385 3222 non
1407 3141 1673 3238 immemores
1710 3138 1819 3221 dura
1838 3138 2033 3249 predicta

358 3263 406 3339 et
423 3192 709 3335 buconiates
748 3262 895 3363 gratas
914 3263 961 3339 et
978 3264 1096 3338 ratas
1117 3257 1341 3342 habentes.
1364 3256 1417 3339 de
1439 3283 1551 3340 novo
1571 3259 1760 3367 presenti
1794 3257 2031 3366 patrocinio
2086 3344 2095 3351 ,,

357 3366 660 3455 confirmamus
689 3380 938 3481 ,soenorum
972 3371 1198 3457 Beronum
1224 3383 1392 3457 maturo
1414 3374 1587 3487 consilio
1627 3372 1864 3485 praelibato
1900 3375 2031 3457 nostri

234 3560 237 3565 ,
305 3532 309 3539 ’
358 3484 498 3596 sigilli
529 3485 722 3595 modernj
753 3488 836 3572 sub
858 3492 1133 3601 appensione.
1195 3491 1353 3576 Actum
1374 3492 1491 3601 apud
1515 3488 1755 3575 cracoviam.
1807 3492 1934 3575 Anno
1957 3490 2034 3576 do·

284 3636 289 3650 Χ
360 3601 463 3693 mini
481 3602 882 3692 warenensem.
914 3609 1080 3693 decimo
1111 3617 1278 3695 octavo.
1296 3610 1370 3693 'die
1393 3610 1603 3695 dominico
1626 3637 1712 3720 quo
1730 3620 1930 3695 ‘cantatur
1951 3607 2034 3692 Ju-

278 3835 281 3840 ,
360 3720 470 3807 dica.
520 3721 798 3807 Prosentibus
818 3725 883 3808 his
904 3724 1100 3810 testibus.
1150 3727 1320 3812 Gemite
1354 3727 1563 3814 Paeoslao
1596 3727 1841 3814 castellano
1874 3727 2035 3814 Cracc-

361 3839 508 3925 viensi.
553 3840 753 3952 Naiogio
774 3842 969 3929 Palatino
990 3843 1336 3930 Sandomiriensi.
1385 3844 1632 3933 Thomislao
1667 3849 1854 3957 palatino
1883 3870 2035 3930 craoo·
2081 3865 2091 3871 ’

155 4022 158 4029 .
238 3962 242 3965 ’
363 3957 562 4043 noviensi.
608 3958 706 4045 Ade
726 3958 881 4045 iudice.
930 3961 1173 4075 Constugio
1194 3964 1512 4065 subcamerario
1532 3964 1821 4067 Oracoviensi.
1858 3965 2035 4048 ‘Damm

362 4101 439 4182 per
456 4101 611 4161 manus
631 4076 906 4163 Honorabilis
924 4081 1006 4164 viri
1024 4081 1220 4194 Magistri
1240 4083 1471 4179 Francisoi.
1504 4084 1755 4194 Cancellarij
1776 4083 1923 4201 nostrj.
1957 4076 2036 4165 Se·

363 4193 507 4302 quitor
526 4200 650 4279 tenor
671 4194 792 4280 ducis
811 4195 997 4323 Bpleslai
1022 4200 1094 4313 (³).
1122 4318 1127 4325 ,

468 4452 512 4532 (⁸)
528 4452 745 4540 Privilcgium
771 4455 919 4525 Boleslai
933 4457 1052 4525 Pudici
1075 4459 1181 4545 ducis,
1206 4461 1247 4527 de
1293 4484 1336 4528 uo
1362 4438 1638 4545 hucmentio,1le
1664 4470 1737 4527 atur
1763 4424 1979 4549 praemissum
1994 4461 2038 4527 ad

365 4531 417 4634 NJ.
433 4532 558 4637 XLly.
582 4536 792 4638 Tomihujus
806 4541 898 4611 tertii
914 4544 1041 4642 pagii
1059 4552 1093 4608 et
1109 4566 1203 4631 seqq.
1239 4543 1269 4609 'l’
1312 4546 1399 4612 ulam
1414 4545 1572 4629 Boleslai,
1587 4485 1689 4613 verba
1703 4544 1965 4613 confirmationis
1982 4544 2036 4612 si·
2123 4560 2124 4569 ¹

241 4652 245 4656 Δ
364 4619 532 4719 gismundi
545 4642 636 4787 rppp
652 4630 846 4708 sequuntur,
861 4646 948 4709 quac
962 4648 1030 4711 Jam
1045 4627 1209 4695 edidimus
1236 4651 1336 4715 supra
1350 4631 1443 4713 (vide
1457 4631 1705 4698 annotationem
1722 4631 1763 4696 10
1776 4630 1952 4718 praemissi
1966 4630 2037 4717 pri·
