5409 6309
1325 821 1613 893 ..130-

577 1060 585 1081 ’
632 1038 777 1119 noster
807 1026 961 1114 Comes
993 1022 1240 1132 Spicimirus
1270 1012 1490 1105 Palatinus
1528 1015 1826 1104 Oraooviensis
1862 1017 2147 1127 multipliciter
2184 1021 2339 1109 exhi-2
2444 1048 2447 1049 *

633 1151 740 1251 buit,
762 1154 806 1231 et
826 1145 967 1228 adhuc
988 1142 1031 1225 in
1052 1139 1243 1225 futurum
1264 1141 1405 1223 animo
1427 1137 1621 1251 diligenti
1640 1146 1819 1245 paratus
1840 1145 1907 1219 'est
1928 1134 2149 1244 exhiberess
2181 1140 2240 1224 Et
2257 1150 2308 1223 ut

632 1272 773 1383 ipsum
795 1265 850 1345 ad
871 1270 1019 1345 nostra
1040 1259 1514 1347 serviciareclderemus
1537 1258 1865 1368 prompciorem,
1886 1254 1968 1338 sibi
1990 1259 2144 1341 etsuis
2165 1259 2305 1371 legiti-

633 1388 712 1471 mis
733 1378 962 1465 heredibus
986 1406 1038 1461 ac
1059 1377 1378 1463 successoribus
1400 1375 1541 1459 villam
1563 1377 1653 1459 sive
1674 1373 1974 1463 hereditatem,
1993 1384 2183 1459 nostram
2204 1404 2304 1487 par.
2404 1474 2408 1485 Ι
2436 1460 2442 1471 ⁸

632 1530 734 1587 vum
755 1499 1015 1582 liltornoroeoz
1036 1498 1246 1603 wlgariter
1269 1496 1429 1577 dictam
1451 1495 1559 1576 etin
1581 1493 1774 1575 districtu
1796 1490 1993 1576 Civitatis
2018 1480 2314 1602 Woyaiccnsiss

583 1706 587 1713 ,
632 1624 752 1703 iuxta
771 1616 913 1700 villam
933 1617 1065 1723 ipsius
1089 1613 1299 1724 Spicimiri
1321 1641 1526 1723 magnum
1550 1611 1751 1729 Tlrorrrour⁸
1766 1607 1821 1724 (²)
1842 1612 2065 1715 situatam,
2101 1610 2208 1695 dure
2229 1614 2308 1698 he·
2392 1670 2400 1687 ·

631 1736 832 1822 reditario
854 1762 952 1815 cum
973 1732 1166 1815 omnibus
1188 1729 1461 1834 utilitatibus,
1481 1728 1759 1839 proventibus
1782 1736 1826 1809 et
1847 1737 1938 1814 toto
1959 1728 2155 1812 Dominio
2176 1738 2307 1840 prout

634 1853 912 1965 personaliter
932 1850 1163 1957 tenuimus,
1187 1849 1356 1948 damus,
1378 1845 1630 1931 conferimus
1650 1850 1695 1929 in
1713 1856 1968 1956 perpetuum
1988 1848 2303 1958 possidendam,

634 1971 905 2057 vendendam
940 1996 1019 2049 seu
1054 1967 1422 2068 commutandam,
1459 1967 1570 2048 sicut
1591 1966 1652 2049 eis
1674 1967 1818 2049 utilius
1841 1970 1885 2047 ct
1906 1966 2055 2048 melius
2091 1964 2306 2051 videbitur

636 2089 855 2201 expedire3'
876 2093 924 2168 ut
945 2094 1091 2169 autem
1126 2086 1346 2193 predictus
1385 2083 1631 2192 Spicimirus
1652 2083 1871 2168 Palatinus
1892 2110 1943 2167 eo
1964 2080 2115 2167 melius
2135 2092 2181 2165 et
2201 2083 2307 2169 feci-

633 2208 715 2293 lius
728 2209 850 2316 ¹ipsas
886 2202 1035 2289 ambas
1072 2204 1330 2285 hereditates
1366 2231 1547 2315 nropnonr
1585 2211 1627 2283 et
1656 2198 1827 2313 porcum
1858 2201 2053 2284 Thornow
2084 2226 2183 2284 cum
2216 2207 2306 2289 scis

498 2342 504 2351 ⁴
633 2324 830 2434 legitimlfl
867 2322 1096 2405 heredibus
1130 2323 1274 2430 locare
1296 2332 1340 2405 et
1359 2321 1578 2431 possidere
1612 2319 1775 2425 valeat,
1812 2346 1885 2402 eas
1922 2348 2088 2402 exnunc
2132 2319 2185 2402 de
2215 2322 2309 2408 iure

634 2442 829 2553 polonico
849 2442 978 2525 iuius
999 2441 1319 2525 Theutonicum
1348 2441 1512 2523 scilicet
1542 2441 1642 2522 novi
1672 2436 1770 2543 fori,
1803 2437 1920 2548 qnod
1952 2436 2153 2521 Sredenre·
2177 2440 2310 2553 wlga-

633 2560 735 2644 riter
755 2568 1036 2667 nuncupatur,
1057 2560 1325 2667 presentibus
1349 2558 1543 2643 duximus
1564 2555 1903 2669 transferendas,
1938 2566 2205 2642 removentes
2226 2560 2309 2644 ibi·
2359 2568 2367 2575 ’

636 2678 733 2760 dem
755 2679 896 2760 omnia
915 2679 1007 2760 iura
1026 2676 1296 2786 polonicalia,
1318 2678 1441 2760 sicut:
1475 2674 1568 2788 Sep,
1587 2675 1707 2776 Stoa,
1728 2702 1888 2774 norror,
1906 2672 2123 2785 pooalosre,
2147 2674 2305 2784 Vacca,
2435 2694 2439 2699 '

443 2866 448 2875 .
569 2854 575 2861 ·
637 2791 742 2898 Ove,
765 2792 907 2905 Opole,
920 2793 1090 2892 ‘Str-oza,
1108 2794 1372 2895 Podroororoe‚
1394 2793 1583 2896 Prewod,
1606 2802 1651 2876 et
1672 2796 1754 2877 alia
1774 2793 1945 2903 'singula
1964 2794 2143 2876 servicia
2153 2792 2305 2907 Ange·

634 2914 841 2997 riaciones
863 2911 961 3024 (sic)
984 2920 1026 2992 ct
1045 2914 1467 3024 preangariaciones,
1505 2939 1763 3024 quecunque
1797 2919 1898 2993 sunt
1934 2918 2008 2992 aut
2042 2900 2305 3025 quocunque

487 3022 490 3027 ’
633 3032 802 3116 nomine
841 3040 1116 3135 censeantur,
1154 3061 1239 3142 que
1271 3033 1334 3112 ius
1357 3032 1662 3114 theutonicum
1698 3036 2010 3122 consueverunt
2044 3030 2304 3139 perturbare,
2369 3118 2373 3127 ,

516 3222 529 3240 ,
635 3149 706 3235 Sic
744 3148 861 3261 quod
895 3147 1086 3258 prefatus
1125 3148 1372 3258 Spioimirus
1408 3177 1506 3231 cum
1542 3151 1629 3231 suis
1666 3148 1858 3232 scultetis
1881 3156 1924 3229 'et
1942 3147 2107 3232 villanis
2137 3150 2182 3231 in·
2201 3152 2305 3260 ipsis

633 3266 741 3351 villis
761 3265 874 3351 nullo
896 3268 978 3349 alio
998 3268 1242 3379 iure'quam
1263 3295 1339 3351 suo
1361 3268 1616 3352 theutonico
1636 3267 1930 3377 prenominato
1951 3267 1995 3347 in
2012 3265 2165 3350 Oausis
2186 3273 2306 3381 capi·

624 3373 790 3468 ‘talibus
813 3383 1065 3488 decollandi,
1087 3386 1400 3493 suspendendi,
1418 3385 1674 3487 mulctandi,
1696 3387 1796 3469 etin
1813 3380 1904 3491 alijs
1921 3382 2116 3468 omnibus
2137 3390 2305 3501 magnis

634 3528 712 3585 seu
746 3503 889 3610 parvis
924 3503 1055 3586 libere
1080 3510 1122 3583 et
1140 3503 1320 3612 pacifice
1352 3505 1396 3584 in
1415 3513 1668 3617 perpetuum
1703 3503 1983 3614 perfruentur,
2019 3502 2305 3595 Absolventes

632 3620 748 3728 ipsos
782 3621 910 3703 etiam
941 3622 1145 3703 scultetos
1169 3629 1212 3702 et
1232 3620 1408 3704 villanos
1441 3622 1682 3732 specialiter
1704 3622 1759 3706 ab
1782 3620 1977 3710 omnibus
2009 3620 2305 3709 Jurisdicioni-
2355 3650 2359 3655 ’
2405 3635 2408 3640 ’

632 3736 715 3820 b'us
736 3747 780 3819 ct
797 3738 1085 3847 potestatibus
1108 3738 1458 3844 Castellanorum,
1478 3739 1776 3845 Palatinorum,
1797 3740 2014 3844 Judicum,
2035 3740 2304 3841 subiudicum

634 3862 678 3936 et
700 3860 887 3938 omnium
917 3857 1096 3941 aliorum
1128 3854 1408 3961 Officialium,
1430 3859 1492 3941 ita
1512 3862 1548 3945 si
1568 3872 1761 3967 unquam
1784 3860 1840 3945 ad
1860 3860 2132 3970 presenciam·
2157 3884 2302 3947 eorum

632 3999 709 4084 pro
732 3997 992 4083 quacunque
1015 4002 1149 4057 causa
1170 3976 1291 4057 citati
1311 3972 1488 4082 fuerint,
1519 3980 1688 4061 minime
1714 3976 2058 4088 *respondebunb
2088 3978 2170 4067 nisi
2200 3978 2305 4063 dum

584 4142 590 4153 ·
631 4120 708 4201 per
729 4090 895 4173 literam
932 4092 1078 4206 sigillo
1112 4103 1259 4178 nostro
1297 4095 1532 4205 sigillatam
1553 4097 1609 4199 ad
1630 4104 1821 4181 nostram
1851 4097 2116 4206 presenciam
2146 4095 2304 4181 fuerint

632 4210 822 4313 evocati,
845 4220 1000 4297 extunc
1022 4239 1168 4297 coram
1187 4211 1311 4297 nobis
1332 4214 1564 4324 unicuique
1587 4216 1831 4323 querelanti
1846 4234 1931 4301 non
1946 4215 2030 4302 alio
2046 4213 2153 4305 dure
2171 4240 2303 4323 quam

734 4443 763 4523 (²
801 4442 997 4531 Spicirnirus
1012 4445 1178 4546 palatinus
1191 4447 1426 4516 cracoviensis
1447 4448 1569 4514 multos
1585 4449 1719 4515 favores
1734 4447 1823 4536 apud
1837 4447 2040 4516 Vladislaum
2055 4447 2231 4517 Lecticam
2247 4458 2306 4513 re·'

631 4525 740 4613 gemb
784 4528 843 4594 uit.
879 4531 1081 4617 Progemtor
1096 4532 1205 4617 gentis
1223 4531 1502 4599 Tarnowscianae
1518 4534 1590 4599 fuit.
1614 4532 1738 4599 Urbem
1764 4534 1896 4600 Tornow
1915 4534 1987 4619 ipse
2003 4533 2154 4599 condidit
2168 4543 2202 4597 ct
2216 4533 2301 4598 hanc

632 4609 676 4675 ob
693 4613 941 4694 causam,sicut
956 4616 1109 4696 vidimus,
1126 4626 1161 4681 et
1175 4614 1270 4682 villas
1299 4625 1424 4683 emerat
1446 4618 1536 4699 (vide
1563 4619 1773 4706 privilegium
1787 4618 2003 4703 praemissum
2020 4618 2062 4683 ad
2076 4617 2127 4684 N⁰.
2138 4616 2299 4683 LXXXI.

631 4702 666 4763 et
681 4715 740 4759 rex
759 4695 790 4759 ei
804 4698 912 4764 varias
927 4696 1150 4766 haereditates
1166 4700 1359 4775 donaverat
1393 4700 1494 4769 conl?
1505 4726 1590 4788 opus
1620 4704 1845 4789 „Starotytna
1859 4702 2002 4769 Pcls'ka”
2019 4702 2058 4770 Τ.
2072 4702 2116 4785 11,
2133 4726 2175 4788 ps
2201 4704 2300 4789 543⁰·
2378 4746 2382 4753 -

581 4782 585 4791 ’
632 4776 842 4862 Spicimirum
855 4782 1037 4881 palatinum
1053 4783 1308 4933 Cracovp'enscrn
1319 4789 1390 4884 Jam
1404 4784 1544 4874 legimus
1565 4812 1593 4852 a·
1610 4791 1694 4853 1320
1708 4787 2072 4876 ap..Szcaygielecium,
2089 4724 2301 4855 castellanum
2318 4808 2331 4835 ·

631 4883 712 4933 vero
731 4858 989 4931 cracoviensem
1001 4889 1070 4951 Jam
1087 4891 1117 4932 a.
1133 4871 1172 4933 13
1195 4870 1224 4932 0.
1249 4868 1342 4939 th
1358 4871 1457 4936 etiam
1471 4895 1558 4938 anuo
1576 4875 1659 4937 1350
1674 4872 1977 4958 (ap..Niesieocium
1993 4872 2078 4940 falso
2089 4874 2158 4956 jam
2173 4896 2201 4937 a
2216 4870 2298 4937 1380

630 4955 779 5021 martimo
796 4951 871 5031 est)
895 4950 988 5019 Conf
1007 4972 1092 5037 opus
1114 4951 1326 5041 „Biblioteka
1341 4954 1593 5023 warmund
1609 4959 1703 5025 1850.
1727 4956 1841 5040 T-ffl,
1857 4978 1936 5044 pag.
1951 4960 2041 5039 tlt).
2141 4988 2145 4997 =
2193 4953 2227 5011 ἰ
