<?xml version="1.0" encoding="UTF-8"?>
<!DOCTYPE html PUBLIC "-//W3C//DTD XHTML 1.0 Transitional//EN"
    "http://www.w3.org/TR/xhtml1/DTD/xhtml1-transitional.dtd">
<html xmlns="http://www.w3.org/1999/xhtml" xml:lang="en" lang="en">
 <head>
  <title>
</title>
<meta http-equiv="Content-Type" content="text/html;charset=utf-8" />
  <meta name='ocr-system' content='tesseract 3.04.00' />
  <meta name='ocr-capabilities' content='ocr_page ocr_carea ocr_par ocr_line ocrx_word'/>
</head>
<body>
  <div class='ocr_page' id='page_1' title='image "./codexdiplomatic00bobogoog_0350.png"; bbox 0 0 5409 6309; ppageno 0'>
   <div class='ocr_carea' id='block_1_1' title="bbox 1362 878 1639 955">
    <p class='ocr_par' dir='ltr' id='par_1_1' title="bbox 1362 878 1639 955">
     <span class='ocr_line' id='line_1_1' title="bbox 1362 878 1639 955; baseline -0.014 -18"><span class='ocrx_word' id='word_1_1' title='bbox 1362 878 1639 955; x_wconf 46' lang='lat' dir='ltr'>*too-</span> 
     </span>
    </p>
   </div>
   <div class='ocr_carea' id='block_1_2' title="bbox 666 1081 2411 1434">
    <p class='ocr_par' dir='ltr' id='par_1_2' title="bbox 666 1081 2411 1434">
     <span class='ocr_line' id='line_1_2' title="bbox 667 1081 2339 1193; baseline 0.001 -22"><span class='ocrx_word' id='word_1_2' title='bbox 667 1087 905 1173; x_wconf 88' lang='lat' dir='ltr'>cessoribus</span> <span class='ocrx_word' id='word_1_3' title='bbox 941 1082 1094 1165; x_wconf 84' lang='lat' dir='ltr'>vestris</span> <span class='ocrx_word' id='word_1_4' title='bbox 1113 1081 1444 1169; x_wconf 83' lang='lat' dir='ltr'>Fraternitatem</span> <span class='ocrx_word' id='word_1_5' title='bbox 1472 1089 1663 1167; x_wconf 86' lang='lat' dir='ltr'>nostram</span> <span class='ocrx_word' id='word_1_6' title='bbox 1686 1092 1728 1165; x_wconf 89' lang='lat' dir='ltr'>et</span> <span class='ocrx_word' id='word_1_7' title='bbox 1748 1092 1988 1166; x_wconf 88' lang='lat' dir='ltr'>nostrorum</span> <span class='ocrx_word' id='word_1_8' title='bbox 2020 1083 2339 1193; x_wconf 72' lang='lat' dir='ltr'>successorum,</span> 
     </span>
     <span class='ocr_line' id='line_1_3' title="bbox 667 1200 2340 1316; baseline 0.002 -28"><span class='ocrx_word' id='word_1_9' title='bbox 667 1210 708 1288; x_wconf 92' lang='lat' dir='ltr'>in</span> <span class='ocrx_word' id='word_1_10' title='bbox 731 1207 819 1287; x_wconf 90' lang='lat' dir='ltr'>vita</span> <span class='ocrx_word' id='word_1_11' title='bbox 839 1204 995 1311; x_wconf 88' lang='lat' dir='ltr'>pariter</span> <span class='ocrx_word' id='word_1_12' title='bbox 1010 1212 1060 1282; x_wconf 88' lang='lat' dir='ltr'>et</span> <span class='ocrx_word' id='word_1_13' title='bbox 1082 1200 1124 1282; x_wconf 93' lang='lat' dir='ltr'>in</span> <span class='ocrx_word' id='word_1_14' title='bbox 1145 1215 1301 1307; x_wconf 88' lang='lat' dir='ltr'>morte,</span> <span class='ocrx_word' id='word_1_15' title='bbox 1323 1202 1555 1316; x_wconf 78' lang='lat' dir='ltr'>etplenum</span> <span class='ocrx_word' id='word_1_16' title='bbox 1584 1201 1957 1309; x_wconf 78' lang='lat' dir='ltr'>participationem</span> <span class='ocrx_word' id='word_1_17' title='bbox 1996 1207 2183 1289; x_wconf 91' lang='lat' dir='ltr'>omnium</span> <span class='ocrx_word' id='word_1_18' title='bbox 2204 1206 2340 1292; x_wconf 70' lang='lat' dir='ltr'>bono</span> 
     </span>
     <span class='ocr_line' id='line_1_4' title="bbox 666 1318 2411 1434; baseline 0 -27"><span class='ocrx_word' id='word_1_19' title='bbox 666 1350 778 1425; x_wconf 83' lang='lat' dir='ltr'>rum,</span> <span class='ocrx_word' id='word_1_20' title='bbox 802 1349 914 1429; x_wconf 87' lang='lat' dir='ltr'>quae</span> <span class='ocrx_word' id='word_1_21' title='bbox 935 1320 1051 1428; x_wconf 89' lang='lat' dir='ltr'>apud</span> <span class='ocrx_word' id='word_1_22' title='bbox 1072 1346 1150 1403; x_wconf 88' lang='lat' dir='ltr'>nos</span> <span class='ocrx_word' id='word_1_23' title='bbox 1172 1318 1344 1426; x_wconf 87' lang='lat' dir='ltr'>fuerint,</span> <span class='ocrx_word' id='word_1_24' title='bbox 1365 1318 1710 1420; x_wconf 75' lang='lat' dir='ltr'>morationibus,</span> <span class='ocrx_word' id='word_1_25' title='bbox 1733 1320 1776 1399; x_wconf 93' lang='lat' dir='ltr'>in</span> <span class='ocrx_word' id='word_1_26' title='bbox 1796 1319 1972 1428; x_wconf 86' lang='lat' dir='ltr'>vigilijs,</span> <span class='ocrx_word' id='word_1_27' title='bbox 1987 1322 2212 1434; x_wconf 81' lang='lat' dir='ltr'>iniciunijs</span> <span class='ocrx_word' id='word_1_28' title='bbox 2234 1336 2277 1409; x_wconf 91' lang='lat' dir='ltr'>et</span> <span class='ocrx_word' id='word_1_29' title='bbox 2295 1327 2341 1407; x_wconf 90' lang='lat' dir='ltr'>in</span> <span class='ocrx_word' id='word_1_30' title='bbox 2401 1398 2411 1419; x_wconf 85' lang='lat'><strong>,</strong></span> 
     </span>
    </p>
   </div>
   <div class='ocr_carea' id='block_1_3' title="bbox 509 1436 2342 1550">
    <p class='ocr_par' dir='ltr' id='par_1_3' title="bbox 509 1436 2342 1550">
     <span class='ocr_line' id='line_1_5' title="bbox 509 1436 2342 1550; baseline 0.001 -25"><span class='ocrx_word' id='word_1_31' title='bbox 509 1532 510 1535; x_wconf 0' lang='lat' dir='ltr'><strong>a</strong></span> <span class='ocrx_word' id='word_1_32' title='bbox 666 1442 806 1525; x_wconf 77' lang='lat' dir='ltr'>Missis</span> <span class='ocrx_word' id='word_1_33' title='bbox 829 1440 1095 1546; x_wconf 85' lang='lat' dir='ltr'>caeterisque</span> <span class='ocrx_word' id='word_1_34' title='bbox 1117 1439 1196 1547; x_wconf 89' lang='lat' dir='ltr'>piis</span> <span class='ocrx_word' id='word_1_35' title='bbox 1219 1441 1419 1550; x_wconf 84' lang='lat' dir='ltr'>operibus</span> <span class='ocrx_word' id='word_1_36' title='bbox 1441 1439 1807 1548; x_wconf 87' lang='lat' dir='ltr'>eleemosinisque.</span> <span class='ocrx_word' id='word_1_37' title='bbox 1861 1436 2248 1525; x_wconf 71' lang='lat' dir='ltr'>Statuimueetiem</span> <span class='ocrx_word' id='word_1_38' title='bbox 2263 1442 2342 1526; x_wconf 74' lang='lat' dir='ltr'>ur-</span> 
     </span>
    </p>
   </div>
   <div class='ocr_carea' id='block_1_4' title="bbox 666 1554 2343 1666">
    <p class='ocr_par' dir='ltr' id='par_1_4' title="bbox 666 1554 2343 1666">
     <span class='ocr_line' id='line_1_6' title="bbox 666 1554 2343 1666; baseline 0 -23"><span class='ocrx_word' id='word_1_39' title='bbox 666 1560 789 1643; x_wconf 80' lang='lat' dir='ltr'>miter</span> <span class='ocrx_word' id='word_1_40' title='bbox 812 1586 839 1639; x_wconf 85' lang='lat' dir='ltr'>a</span> <span class='ocrx_word' id='word_1_41' title='bbox 859 1556 982 1642; x_wconf 88' lang='lat' dir='ltr'>nobis</span> <span class='ocrx_word' id='word_1_42' title='bbox 1003 1558 1246 1666; x_wconf 76' lang='lat' dir='ltr'>nostrisque</span> <span class='ocrx_word' id='word_1_43' title='bbox 1269 1554 1598 1666; x_wconf 78' lang='lat' dir='ltr'>Successoribue</span> <span class='ocrx_word' id='word_1_44' title='bbox 1619 1555 1917 1640; x_wconf 82' lang='lat' dir='ltr'>inviolabiliter</span> <span class='ocrx_word' id='word_1_45' title='bbox 1937 1557 2273 1663; x_wconf 79' lang='lat' dir='ltr'>observandum,</span> <span class='ocrx_word' id='word_1_46' title='bbox 2292 1571 2343 1643; x_wconf 85' lang='lat' dir='ltr'>ut</span> 
     </span>
    </p>
   </div>
   <div class='ocr_carea' id='block_1_5' title="bbox 529 1671 2413 1789">
    <p class='ocr_par' dir='ltr' id='par_1_5' title="bbox 529 1671 2413 1789">
     <span class='ocr_line' id='line_1_7' title="bbox 529 1671 2413 1789; baseline 0.001 -28"><span class='ocrx_word' id='word_1_47' title='bbox 529 1738 531 1743; x_wconf 68' lang='lat'><em>,</em></span> <span class='ocrx_word' id='word_1_48' title='bbox 667 1679 853 1765; x_wconf 91' lang='lat' dir='ltr'>omnium</span> <span class='ocrx_word' id='word_1_49' title='bbox 874 1674 1069 1757; x_wconf 75' lang='lat' dir='ltr'>Fratrum</span> <span class='ocrx_word' id='word_1_50' title='bbox 1091 1685 1330 1766; x_wconf 87' lang='lat' dir='ltr'>nostrorum</span> <span class='ocrx_word' id='word_1_51' title='bbox 1348 1676 1640 1786; x_wconf 82' lang='lat' dir='ltr'>praesentium</span> <span class='ocrx_word' id='word_1_52' title='bbox 1660 1685 1703 1756; x_wconf 89' lang='lat' dir='ltr'>et</span> <span class='ocrx_word' id='word_1_53' title='bbox 1722 1671 1979 1777; x_wconf 79' lang='lat' dir='ltr'>futurorum,</span> <span class='ocrx_word' id='word_1_54' title='bbox 2011 1700 2192 1783; x_wconf 86' lang='lat' dir='ltr'>quorum</span> <span class='ocrx_word' id='word_1_55' title='bbox 2224 1681 2340 1789; x_wconf 89' lang='lat' dir='ltr'>apud</span> <span class='ocrx_word' id='word_1_56' title='bbox 2406 1742 2413 1769; x_wconf 71' lang='grc'>,</span> 
     </span>
    </p>
   </div>
   <div class='ocr_carea' id='block_1_6' title="bbox 666 1790 2357 2377">
    <p class='ocr_par' dir='ltr' id='par_1_6' title="bbox 666 1790 2357 2377">
     <span class='ocr_line' id='line_1_8' title="bbox 667 1790 2357 1907; baseline 0 -28"><span class='ocrx_word' id='word_1_57' title='bbox 667 1824 744 1881; x_wconf 88' lang='lat' dir='ltr'>nos</span> <span class='ocrx_word' id='word_1_58' title='bbox 766 1796 909 1880; x_wconf 89' lang='lat' dir='ltr'>obitus</span> <span class='ocrx_word' id='word_1_59' title='bbox 929 1795 1174 1896; x_wconf 76' lang='lat' dir='ltr'>innotuerit,</span> <span class='ocrx_word' id='word_1_60' title='bbox 1196 1790 1272 1903; x_wconf 87' lang='lat' dir='ltr'>pre</span> <span class='ocrx_word' id='word_1_61' title='bbox 1294 1796 1488 1907; x_wconf 88' lang='lat' dir='ltr'>quolibet</span> <span class='ocrx_word' id='word_1_62' title='bbox 1522 1794 1708 1901; x_wconf 86' lang='lat' dir='ltr'>ipsorum</span> <span class='ocrx_word' id='word_1_63' title='bbox 1728 1791 1862 1877; x_wconf 88' lang='lat' dir='ltr'>Missa</span> <span class='ocrx_word' id='word_1_64' title='bbox 1882 1793 2178 1881; x_wconf 83' lang='lat' dir='ltr'>defunctorum</span> <span class='ocrx_word' id='word_1_65' title='bbox 2195 1799 2357 1881; x_wconf 69' lang='lat' dir='ltr'>solen·</span> 
     </span>
     <span class='ocr_line' id='line_1_9' title="bbox 667 1910 2342 2023; baseline -0.001 -26"><span class='ocrx_word' id='word_1_66' title='bbox 667 1919 775 1997; x_wconf 89' lang='lat' dir='ltr'>niter</span> <span class='ocrx_word' id='word_1_67' title='bbox 798 1914 1059 2009; x_wconf 86' lang='lat' dir='ltr'>decantetur,</span> <span class='ocrx_word' id='word_1_68' title='bbox 1083 1921 1127 1994; x_wconf 91' lang='lat' dir='ltr'>et</span> <span class='ocrx_word' id='word_1_69' title='bbox 1147 1922 1304 2021; x_wconf 77' lang='lat' dir='ltr'>agatur</span> <span class='ocrx_word' id='word_1_70' title='bbox 1324 1910 1528 1997; x_wconf 83' lang='lat' dir='ltr'>memorie</span> <span class='ocrx_word' id='word_1_71' title='bbox 1548 1914 1734 2023; x_wconf 89' lang='lat' dir='ltr'>ipsorum</span> <span class='ocrx_word' id='word_1_72' title='bbox 1751 1913 2034 2013; x_wconf 59' lang='lat' dir='ltr'>‚inconsuetis</span> <span class='ocrx_word' id='word_1_73' title='bbox 2077 1911 2227 2022; x_wconf 83' lang='lat' dir='ltr'>officijs</span> <span class='ocrx_word' id='word_1_74' title='bbox 2263 1915 2342 1996; x_wconf 77' lang='lat' dir='ltr'>de-</span> 
     </span>
     <span class='ocr_line' id='line_1_10' title="bbox 667 2029 2339 2143; baseline -0.002 -24"><span class='ocrx_word' id='word_1_75' title='bbox 667 2037 941 2138; x_wconf 71' lang='lat' dir='ltr'>functorum</span> <span class='ocrx_word' id='word_1_76' title='bbox 967 2030 1035 2115; x_wconf 86' lang='lat' dir='ltr'>Ad</span> <span class='ocrx_word' id='word_1_77' title='bbox 1056 2032 1186 2115; x_wconf 91' lang='lat' dir='ltr'>robur</span> <span class='ocrx_word' id='word_1_78' title='bbox 1206 2059 1306 2115; x_wconf 89' lang='lat' dir='ltr'>vero</span> <span class='ocrx_word' id='word_1_79' title='bbox 1331 2046 1374 2114; x_wconf 91' lang='lat' dir='ltr'>et</span> <span class='ocrx_word' id='word_1_80' title='bbox 1394 2029 1762 2117; x_wconf 85' lang='lat' dir='ltr'>confirmationem</span> <span class='ocrx_word' id='word_1_81' title='bbox 1784 2039 1828 2112; x_wconf 89' lang='lat' dir='ltr'>et</span> <span class='ocrx_word' id='word_1_82' title='bbox 1846 2031 2166 2115; x_wconf 83' lang='lat' dir='ltr'>admemoriam</span> <span class='ocrx_word' id='word_1_83' title='bbox 2188 2060 2339 2143; x_wconf 82' lang='lat' dir='ltr'>perps-</span> 
     </span>
     <span class='ocr_line' id='line_1_11' title="bbox 666 2147 2340 2259; baseline -0.002 -21"><span class='ocrx_word' id='word_1_84' title='bbox 666 2166 785 2238; x_wconf 82' lang='lat' dir='ltr'>tuam</span> <span class='ocrx_word' id='word_1_85' title='bbox 805 2150 955 2233; x_wconf 90' lang='lat' dir='ltr'>horum</span> <span class='ocrx_word' id='word_1_86' title='bbox 977 2150 1162 2232; x_wconf 91' lang='lat' dir='ltr'>omnium</span> <span class='ocrx_word' id='word_1_87' title='bbox 1182 2152 1509 2256; x_wconf 85' lang='lat' dir='ltr'>praemissorum</span> <span class='ocrx_word' id='word_1_88' title='bbox 1550 2147 1701 2258; x_wconf 81' lang='lat' dir='ltr'>sigilla</span> <span class='ocrx_word' id='word_1_89' title='bbox 1732 2161 1877 2232; x_wconf 88' lang='lat' dir='ltr'>nostra</span> <span class='ocrx_word' id='word_1_90' title='bbox 1896 2149 2198 2259; x_wconf 84' lang='lat' dir='ltr'>praesentibus</span> <span class='ocrx_word' id='word_1_91' title='bbox 2219 2151 2340 2235; x_wconf 83' lang='lat' dir='ltr'>duxi·-</span> 
     </span>
     <span class='ocr_line' id='line_1_12' title="bbox 667 2266 2338 2377; baseline -0.001 -21"><span class='ocrx_word' id='word_1_92' title='bbox 667 2300 761 2356; x_wconf 89' lang='lat' dir='ltr'>mus</span> <span class='ocrx_word' id='word_1_93' title='bbox 784 2267 1081 2377; x_wconf 85' lang='lat' dir='ltr'>appendenda.</span> <span class='ocrx_word' id='word_1_94' title='bbox 1132 2266 1293 2351; x_wconf 89' lang='lat' dir='ltr'>Datum</span> <span class='ocrx_word' id='word_1_95' title='bbox 1313 2270 1356 2350; x_wconf 90' lang='lat' dir='ltr'>in</span> <span class='ocrx_word' id='word_1_96' title='bbox 1377 2266 1634 2353; x_wconf 88' lang='lat' dir='ltr'>Monasterio</span> <span class='ocrx_word' id='word_1_97' title='bbox 1670 2276 1814 2352; x_wconf 90' lang='lat' dir='ltr'>nostro</span> <span class='ocrx_word' id='word_1_98' title='bbox 1836 2269 2081 2377; x_wconf 83' lang='lat' dir='ltr'>supradicto</span> <span class='ocrx_word' id='word_1_99' title='bbox 2102 2266 2228 2356; x_wconf 81' lang='lat' dir='ltr'>An&#39;no</span> <span class='ocrx_word' id='word_1_100' title='bbox 2249 2268 2338 2355; x_wconf 91' lang='lat' dir='ltr'>Do·</span> 
     </span>
    </p>
   </div>
   <div class='ocr_carea' id='block_1_7' title="bbox 667 2378 1890 2515">
    <p class='ocr_par' dir='ltr' id='par_1_7' title="bbox 667 2378 1890 2515">
     <span class='ocr_line' id='line_1_13' title="bbox 667 2378 1890 2515; baseline -0.003 -42"><span class='ocrx_word' id='word_1_101' title='bbox 667 2392 768 2501; x_wconf 87' lang='lat' dir='ltr'>mini</span> <span class='ocrx_word' id='word_1_102' title='bbox 787 2388 846 2474; x_wconf 88' lang='lat' dir='ltr'>M.</span> <span class='ocrx_word' id='word_1_103' title='bbox 869 2385 998 2471; x_wconf 88' lang='grc'><strong>000.</strong></span> <span class='ocrx_word' id='word_1_104' title='bbox 1012 2384 1115 2515; x_wconf 83' lang='lat' dir='ltr'>LX.</span> <span class='ocrx_word' id='word_1_105' title='bbox 1140 2385 1211 2469; x_wconf 89' lang='lat' dir='ltr'>VI.</span> <span class='ocrx_word' id='word_1_106' title='bbox 1246 2384 1445 2471; x_wconf 81' lang='lat' dir='ltr'>Secundo</span> <span class='ocrx_word' id='word_1_107' title='bbox 1470 2387 1538 2468; x_wconf 92' lang='lat' dir='ltr'>die</span> <span class='ocrx_word' id='word_1_108' title='bbox 1558 2378 1714 2467; x_wconf 84' lang='lat' dir='ltr'>mensis</span> <span class='ocrx_word' id='word_1_109' title='bbox 1735 2383 1890 2495; x_wconf 88' lang='lat' dir='ltr'>Martij.</span> 
     </span>
    </p>
   </div>
   <div class='ocr_carea' id='block_1_8' title="bbox 760 2823 2111 3215">
    <p class='ocr_par' dir='ltr' id='par_1_8' title="bbox 760 2823 2111 3215">
     <span class='ocr_line' id='line_1_14' title="bbox 1059 2823 1693 2985; baseline -0.005 -45"><span class='ocrx_word' id='word_1_110' title='bbox 1059 2980 1063 2985; x_wconf 13' lang='grc' dir='ltr'>ι</span> <span class='ocrx_word' id='word_1_111' title='bbox 1404 2823 1606 2939; x_wconf 80' lang='lat' dir='ltr'>txttv.</span> <span class='ocrx_word' id='word_1_112' title='bbox 1690 2910 1693 2915; x_wconf 73' lang='lat'>.</span> 
     </span>
     <span class='ocr_line' id='line_1_15' title="bbox 760 3048 2111 3215; baseline -0.004 -48"><span class='ocrx_word' id='word_1_113' title='bbox 760 3098 773 3209; x_wconf 75' lang='lat' dir='ltr'>j</span> <span class='ocrx_word' id='word_1_114' title='bbox 901 3048 1763 3215; x_wconf 65' lang='lat' dir='ltr'>economum-sueverunt·</span> <span class='ocrx_word' id='word_1_115' title='bbox 1780 3072 1927 3163; x_wconf 75' lang='lat' dir='ltr'>reae</span> <span class='ocrx_word' id='word_1_116' title='bbox 1946 3098 2111 3164; x_wconf 80' lang='lat' dir='ltr'>am.</span> 
     </span>
    </p>
   </div>
   <div class='ocr_carea' id='block_1_9' title="bbox 564 3260 2340 3481">
    <p class='ocr_par' dir='ltr' id='par_1_9' title="bbox 564 3244 2340 3481">
     <span class='ocr_line' id='line_1_16' title="bbox 564 3260 2340 3481; baseline -0.002 -104"><span class='ocrx_word' id='word_1_117' title='bbox 564 3260 569 3265; x_wconf 72' lang='grc'><strong>’</strong></span> <span class='ocrx_word' id='word_1_118' title='bbox 666 3295 2340 3481; x_wconf 46' lang='lat' dir='ltr'>semuursnnmumnuzploffimuutuuunummm</span> 
     </span>
    </p>
   </div>
   <div class='ocr_carea' id='block_1_10' title="bbox 610 3594 2395 4905">
    <p class='ocr_par' dir='ltr' id='par_1_10' title="bbox 610 3594 2395 4905">
     <span class='ocr_line' id='line_1_17' title="bbox 649 3594 2339 3719; baseline -0.001 -25"><span class='ocrx_word' id='word_1_119' title='bbox 649 3626 652 3631; x_wconf 52' lang='lat'><strong>⁴</strong></span> <span class='ocrx_word' id='word_1_120' title='bbox 770 3610 821 3694; x_wconf 87' lang='lat' dir='ltr'>ln</span> <span class='ocrx_word' id='word_1_121' title='bbox 842 3610 1011 3696; x_wconf 90' lang='lat' dir='ltr'>nomine</span> <span class='ocrx_word' id='word_1_122' title='bbox 1034 3609 1191 3693; x_wconf 90' lang='lat' dir='ltr'>domini</span> <span class='ocrx_word' id='word_1_123' title='bbox 1212 3600 1356 3691; x_wconf 59' lang='lat' dir='ltr'>amens</span> <span class='ocrx_word' id='word_1_124' title='bbox 1399 3604 1491 3690; x_wconf 87' lang='lat' dir='ltr'>Nos</span> <span class='ocrx_word' id='word_1_125' title='bbox 1518 3605 1757 3689; x_wconf 86' lang='lat' dir='ltr'>Kazimirus</span> <span class='ocrx_word' id='word_1_126' title='bbox 1780 3594 1853 3690; x_wconf 84' lang='lat' dir='ltr'>dei</span> <span class='ocrx_word' id='word_1_127' title='bbox 1870 3598 2017 3719; x_wconf 76' lang='lat' dir='ltr'>gracia</span> <span class='ocrx_word' id='word_1_128' title='bbox 2036 3606 2130 3693; x_wconf 76' lang='lat' dir='ltr'>Rex</span> <span class='ocrx_word' id='word_1_129' title='bbox 2149 3604 2339 3693; x_wconf 60' lang='lat' dir='ltr'>Poloniess</span> 
     </span>
     <span class='ocr_line' id='line_1_18' title="bbox 668 3723 2338 3838; baseline -0.002 -25"><span class='ocrx_word' id='word_1_130' title='bbox 668 3729 839 3813; x_wconf 87' lang='lat' dir='ltr'>Tenere</span> <span class='ocrx_word' id='word_1_131' title='bbox 852 3728 1126 3838; x_wconf 86' lang='lat' dir='ltr'>presencium</span> <span class='ocrx_word' id='word_1_132' title='bbox 1148 3736 1296 3811; x_wconf 82' lang='lat' dir='ltr'>notum</span> <span class='ocrx_word' id='word_1_133' title='bbox 1315 3724 1495 3807; x_wconf 80' lang='lat' dir='ltr'>facimus</span> <span class='ocrx_word' id='word_1_134' title='bbox 1513 3724 1669 3832; x_wconf 89' lang='lat' dir='ltr'>quibus</span> <span class='ocrx_word' id='word_1_135' title='bbox 1691 3727 1863 3835; x_wconf 86' lang='lat' dir='ltr'>expedit</span> <span class='ocrx_word' id='word_1_136' title='bbox 1881 3727 2100 3825; x_wconf 72' lang='lat' dir='ltr'>uniuersis.</span> <span class='ocrx_word' id='word_1_137' title='bbox 2134 3723 2259 3829; x_wconf 80' lang='lat' dir='ltr'>Quod</span> <span class='ocrx_word' id='word_1_138' title='bbox 2279 3726 2338 3809; x_wconf 86' lang='lat' dir='ltr'>ad</span> 
     </span>
     <span class='ocr_line' id='line_1_19' title="bbox 668 3843 2338 3956; baseline 0.001 -27"><span class='ocrx_word' id='word_1_139' title='bbox 668 3857 854 3930; x_wconf 89' lang='lat' dir='ltr'>nostram</span> <span class='ocrx_word' id='word_1_140' title='bbox 887 3857 929 3927; x_wconf 92' lang='lat' dir='ltr'>et</span> <span class='ocrx_word' id='word_1_141' title='bbox 949 3846 1158 3929; x_wconf 92' lang='lat' dir='ltr'>baronum</span> <span class='ocrx_word' id='word_1_142' title='bbox 1198 3854 1438 3929; x_wconf 87' lang='lat' dir='ltr'>nostrorum</span> <span class='ocrx_word' id='word_1_143' title='bbox 1479 3844 1691 3927; x_wconf 87' lang='lat' dir='ltr'>accedens</span> <span class='ocrx_word' id='word_1_144' title='bbox 1733 3847 1997 3956; x_wconf 83' lang='lat' dir='ltr'>presenciam</span> <span class='ocrx_word' id='word_1_145' title='bbox 2041 3845 2185 3931; x_wconf 83' lang='lat' dir='ltr'>Strasz</span> <span class='ocrx_word' id='word_1_146' title='bbox 2225 3843 2338 3931; x_wconf 81' lang='lat' dir='ltr'>filius</span> 
     </span>
     <span class='ocr_line' id='line_1_20' title="bbox 610 3961 2339 4074; baseline -0.002 -25"><span class='ocrx_word' id='word_1_147' title='bbox 610 4054 614 4061; x_wconf 65' lang='grc'><em>,</em></span> <span class='ocrx_word' id='word_1_148' title='bbox 668 3963 886 4071; x_wconf 85' lang='lat' dir='ltr'>Wytcouis</span> <span class='ocrx_word' id='word_1_149' title='bbox 916 3964 1040 4047; x_wconf 89' lang='lat' dir='ltr'>heres</span> <span class='ocrx_word' id='word_1_150' title='bbox 1072 3965 1124 4044; x_wconf 89' lang='lat' dir='ltr'>de</span> <span class='ocrx_word' id='word_1_151' title='bbox 1159 3961 1533 4065; x_wconf 76' lang='lat' dir='ltr'>Crr‘rseuiczsanus</span> <span class='ocrx_word' id='word_1_152' title='bbox 1569 3972 1714 4049; x_wconf 85' lang='lat' dir='ltr'>mente</span> <span class='ocrx_word' id='word_1_153' title='bbox 1749 3976 1793 4048; x_wconf 90' lang='lat' dir='ltr'>et</span> <span class='ocrx_word' id='word_1_154' title='bbox 1818 3991 1994 4074; x_wconf 87' lang='lat' dir='ltr'>corpore</span> <span class='ocrx_word' id='word_1_155' title='bbox 2031 3965 2215 4067; x_wconf 81' lang='lat' dir='ltr'>existens</span> <span class='ocrx_word' id='word_1_156' title='bbox 2235 3990 2339 4071; x_wconf 79' lang='lat' dir='ltr'>uon</span> 
     </span>
     <span class='ocr_line' id='line_1_21' title="bbox 668 4080 2337 4192; baseline 0 -25"><span class='ocrx_word' id='word_1_157' title='bbox 668 4083 914 4192; x_wconf 87' lang='lat' dir='ltr'>compulsus</span> <span class='ocrx_word' id='word_1_158' title='bbox 935 4110 1020 4167; x_wconf 91' lang='lat' dir='ltr'>non</span> <span class='ocrx_word' id='word_1_159' title='bbox 1043 4092 1231 4166; x_wconf 82' lang='lat' dir='ltr'>coactus.</span> <span class='ocrx_word' id='word_1_160' title='bbox 1269 4107 1413 4188; x_wconf 89' lang='lat' dir='ltr'>neque</span> <span class='ocrx_word' id='word_1_161' title='bbox 1445 4081 1589 4187; x_wconf 88' lang='lat' dir='ltr'>aliquo</span> <span class='ocrx_word' id='word_1_162' title='bbox 1612 4080 1706 4163; x_wconf 89' lang='lat' dir='ltr'>dolo</span> <span class='ocrx_word' id='word_1_163' title='bbox 1729 4083 2043 4185; x_wconf 76' lang='lat' dir='ltr'>circumuentus</span> <span class='ocrx_word' id='word_1_164' title='bbox 2064 4083 2142 4165; x_wconf 86' lang='lat' dir='ltr'>sed</span> <span class='ocrx_word' id='word_1_165' title='bbox 2162 4091 2337 4192; x_wconf 83' lang='lat' dir='ltr'>sponta-</span> 
     </span>
     <span class='ocr_line' id='line_1_22' title="bbox 667 4196 2395 4310; baseline 0 -25"><span class='ocrx_word' id='word_1_166' title='bbox 667 4230 748 4285; x_wconf 86' lang='lat' dir='ltr'>nea</span> <span class='ocrx_word' id='word_1_167' title='bbox 769 4201 987 4285; x_wconf 86' lang='lat' dir='ltr'>voluntate</span> <span class='ocrx_word' id='word_1_168' title='bbox 1010 4210 1053 4281; x_wconf 90' lang='lat' dir='ltr'>et</span> <span class='ocrx_word' id='word_1_169' title='bbox 1072 4201 1187 4289; x_wconf 88' lang='lat' dir='ltr'>bona</span> <span class='ocrx_word' id='word_1_170' title='bbox 1208 4200 1519 4288; x_wconf 79' lang='lat' dir='ltr'>deliberacione</span> <span class='ocrx_word' id='word_1_171' title='bbox 1540 4200 1607 4281; x_wconf 86' lang='lat' dir='ltr'>sui</span> <span class='ocrx_word' id='word_1_172' title='bbox 1628 4200 1755 4282; x_wconf 91' lang='lat' dir='ltr'>animi</span> <span class='ocrx_word' id='word_1_173' title='bbox 1775 4201 2013 4310; x_wconf 76' lang='lat' dir='ltr'>prehabito.</span> <span class='ocrx_word' id='word_1_174' title='bbox 2061 4196 2338 4308; x_wconf 80' lang='lat' dir='ltr'>Totamper·</span> <span class='ocrx_word' id='word_1_175' title='bbox 2387 4206 2395 4220; x_wconf 90' lang='lat'><em>&#39;</em></span> 
     </span>
     <span class='ocr_line' id='line_1_23' title="bbox 635 4315 2337 4427; baseline -0.001 -24"><span class='ocrx_word' id='word_1_176' title='bbox 635 4348 637 4353; x_wconf 73' lang='grc'>’</span> <span class='ocrx_word' id='word_1_177' title='bbox 666 4333 753 4403; x_wconf 89' lang='lat' dir='ltr'>tem</span> <span class='ocrx_word' id='word_1_178' title='bbox 774 4347 850 4402; x_wconf 88' lang='lat' dir='ltr'>sue</span> <span class='ocrx_word' id='word_1_179' title='bbox 870 4319 1120 4403; x_wconf 88' lang='lat' dir='ltr'>hereditatis</span> <span class='ocrx_word' id='word_1_180' title='bbox 1141 4320 1300 4403; x_wconf 90' lang='lat' dir='ltr'>ibidem</span> <span class='ocrx_word' id='word_1_181' title='bbox 1321 4322 1365 4400; x_wconf 86' lang='lat' dir='ltr'>in</span> <span class='ocrx_word' id='word_1_182' title='bbox 1391 4315 1605 4399; x_wconf 76' lang='lat' dir='ltr'>Criesouioz</span> <span class='ocrx_word' id='word_1_183' title='bbox 1625 4316 1765 4426; x_wconf 86' lang='lat' dir='ltr'>ipsum</span> <span class='ocrx_word' id='word_1_184' title='bbox 1789 4349 1839 4405; x_wconf 83' lang='lat' dir='ltr'>ex</span> <span class='ocrx_word' id='word_1_185' title='bbox 1858 4331 2039 4427; x_wconf 80' lang='lat' dir='ltr'>paterne</span> <span class='ocrx_word' id='word_1_186' title='bbox 2065 4320 2337 4415; x_wconf 78' lang='lat' dir='ltr'>successione</span> 
     </span>
     <span class='ocr_line' id='line_1_24' title="bbox 666 4436 2354 4551; baseline -0.001 -30"><span class='ocrx_word' id='word_1_187' title='bbox 666 4439 871 4550; x_wconf 81' lang='lat' dir='ltr'>legitime</span> <span class='ocrx_word' id='word_1_188' title='bbox 887 4438 1205 4549; x_wconf 82' lang='lat' dir='ltr'>contingentem</span> <span class='ocrx_word' id='word_1_189' title='bbox 1228 4467 1325 4523; x_wconf 91' lang='lat' dir='ltr'>eum</span> <span class='ocrx_word' id='word_1_190' title='bbox 1347 4437 1462 4522; x_wconf 90' lang='lat' dir='ltr'>omni</span> <span class='ocrx_word' id='word_1_191' title='bbox 1481 4439 1571 4518; x_wconf 89' lang='lat' dir='ltr'>iure</span> <span class='ocrx_word' id='word_1_192' title='bbox 1595 4448 1639 4518; x_wconf 91' lang='lat' dir='ltr'>et</span> <span class='ocrx_word' id='word_1_193' title='bbox 1659 4436 1844 4531; x_wconf 92' lang='lat' dir='ltr'>dominio</span> <span class='ocrx_word' id='word_1_194' title='bbox 1866 4467 1948 4551; x_wconf 88' lang='lat' dir='ltr'>nec</span> <span class='ocrx_word' id='word_1_195' title='bbox 1968 4466 2052 4523; x_wconf 91' lang='lat' dir='ltr'>nou</span> <span class='ocrx_word' id='word_1_196' title='bbox 2074 4437 2273 4545; x_wconf 82' lang='lat' dir='ltr'>omnibus</span> <span class='ocrx_word' id='word_1_197' title='bbox 2294 4447 2354 4521; x_wconf 74' lang='lat' dir='ltr'>et=</span> 
     </span>
     <span class='ocr_line' id='line_1_25' title="bbox 667 4556 2338 4669; baseline 0.002 -31"><span class='ocrx_word' id='word_1_198' title='bbox 667 4557 843 4667; x_wconf 81' lang='lat' dir='ltr'>singulis</span> <span class='ocrx_word' id='word_1_199' title='bbox 864 4557 1117 4641; x_wconf 89' lang='lat' dir='ltr'>vtilitatibus</span> <span class='ocrx_word' id='word_1_200' title='bbox 1138 4568 1181 4641; x_wconf 86' lang='lat' dir='ltr'>et</span> <span class='ocrx_word' id='word_1_201' title='bbox 1201 4556 1424 4669; x_wconf 87' lang='lat' dir='ltr'>quibusuis</span> <span class='ocrx_word' id='word_1_202' title='bbox 1445 4557 1714 4663; x_wconf 87' lang='lat' dir='ltr'>pertinenciis</span> <span class='ocrx_word' id='word_1_203' title='bbox 1737 4558 1793 4639; x_wconf 86' lang='lat' dir='ltr'>ad</span> <span class='ocrx_word' id='word_1_204' title='bbox 1814 4557 1950 4666; x_wconf 85' lang='lat' dir='ltr'>ipsam</span> <span class='ocrx_word' id='word_1_205' title='bbox 1979 4565 2147 4668; x_wconf 82' lang='lat' dir='ltr'>purtem</span> <span class='ocrx_word' id='word_1_206' title='bbox 2168 4557 2338 4657; x_wconf 79' lang='lat' dir='ltr'>heredi⁴</span> 
     </span>
     <span class='ocr_line' id='line_1_26' title="bbox 667 4672 2335 4787; baseline 0.001 -29"><span class='ocrx_word' id='word_1_207' title='bbox 667 4678 765 4759; x_wconf 86' lang='lat' dir='ltr'>tatis</span> <span class='ocrx_word' id='word_1_208' title='bbox 785 4678 830 4756; x_wconf 92' lang='lat' dir='ltr'>in</span> <span class='ocrx_word' id='word_1_209' title='bbox 853 4672 1087 4760; x_wconf 80' lang='lat' dir='ltr'>Crzisseur&#39;ez</span> <span class='ocrx_word' id='word_1_210' title='bbox 1109 4674 1429 4787; x_wconf 90' lang='lat' dir='ltr'>quomodolibet</span> <span class='ocrx_word' id='word_1_211' title='bbox 1448 4674 1758 4782; x_wconf 85' lang='lat' dir='ltr'>pertinentibus</span> <span class='ocrx_word' id='word_1_212' title='bbox 1778 4686 1912 4784; x_wconf 91' lang='lat' dir='ltr'>prout.</span> <span class='ocrx_word' id='word_1_213' title='bbox 1927 4676 2043 4761; x_wconf 87' lang='lat' dir='ltr'>dieta</span> <span class='ocrx_word' id='word_1_214' title='bbox 2060 4700 2162 4785; x_wconf 84' lang='lat' dir='ltr'>pars</span> <span class='ocrx_word' id='word_1_215' title='bbox 2182 4676 2227 4758; x_wconf 87' lang='lat' dir='ltr'>in</span> <span class='ocrx_word' id='word_1_216' title='bbox 2247 4676 2335 4759; x_wconf 79' lang='lat' dir='ltr'>suis</span> 
     </span>
     <span class='ocr_line' id='line_1_27' title="bbox 668 4790 2338 4905; baseline -0.001 -30"><span class='ocrx_word' id='word_1_217' title='bbox 668 4790 1110 4877; x_wconf 85' lang='lat' dir='ltr'>circumferencialiter</span> <span class='ocrx_word' id='word_1_218' title='bbox 1130 4795 1322 4905; x_wconf 84' lang='lat' dir='ltr'>insigniis</span> <span class='ocrx_word' id='word_1_219' title='bbox 1344 4794 1533 4878; x_wconf 86' lang='lat' dir='ltr'>noscitur</span> <span class='ocrx_word' id='word_1_220' title='bbox 1555 4818 1650 4889; x_wconf 79' lang='lat' dir='ltr'>esse</span> <span class='ocrx_word' id='word_1_221' title='bbox 1672 4794 1871 4877; x_wconf 88' lang='lat' dir='ltr'>distincta</span> <span class='ocrx_word' id='word_1_222' title='bbox 1893 4803 1936 4878; x_wconf 93' lang='lat' dir='ltr'>et</span> <span class='ocrx_word' id='word_1_223' title='bbox 1957 4795 2137 4878; x_wconf 87' lang='lat' dir='ltr'>limitata</span> <span class='ocrx_word' id='word_1_224' title='bbox 2155 4804 2198 4876; x_wconf 89' lang='lat' dir='ltr'>et</span> <span class='ocrx_word' id='word_1_225' title='bbox 2211 4801 2338 4903; x_wconf 92' lang='lat' dir='ltr'>prout</span> 
     </span>
    </p>
   </div>
   <div class='ocr_carea' id='block_1_11' title="bbox 747 5022 1709 5114">
    <p class='ocr_par' dir='ltr' id='par_1_11' title="bbox 747 5022 1709 5114">
     <span class='ocr_line' id='line_1_28' title="bbox 747 5022 1709 5114; baseline -0.035 -4"><span class='ocrx_word' id='word_1_226' title='bbox 747 5029 810 5113; x_wconf 71' lang='grc'>’,0)</span> <span class='ocrx_word' id='word_1_227' title='bbox 834 5027 1066 5114; x_wconf 81' lang='lat' dir='ltr'>Apographon</span> <span class='ocrx_word' id='word_1_228' title='bbox 1082 5026 1286 5114; x_wconf 84' lang='lat' dir='ltr'>descriptum</span> <span class='ocrx_word' id='word_1_229' title='bbox 1301 5049 1342 5092; x_wconf 82' lang='lat' dir='ltr'>ex</span> <span class='ocrx_word' id='word_1_230' title='bbox 1359 5022 1576 5110; x_wconf 74' lang='lat' dir='ltr'>archetypo..</span> <span class='ocrx_word' id='word_1_231' title='bbox 1705 5054 1709 5059; x_wconf 90' lang='lat'>-</span> 
     </span>
    </p>
   </div>
   <div class='ocr_carea' id='block_1_12' title="bbox 0 0 2710 6308">
    <p class='ocr_par' dir='ltr' id='par_1_12' title="bbox 0 0 2710 6308">
     <span class='ocr_line' id='line_1_29' title="bbox 0 0 2710 6308; baseline 0 0"><span class='ocrx_word' id='word_1_232' title='bbox 0 0 2710 6308; x_wconf 95' lang='lat' dir='ltr'> </span> 
     </span>
    </p>
   </div>
  </div>
 </body>
</html>
