5409 6309
1379 793 1656 942 ..nq-

543 1068 547 1072 ’
687 1041 894 1124 miriensis
931 1063 1014 1119 non
1050 1038 1282 1143 grauentur
1302 1034 1414 1117 utin
1433 1032 1589 1114 iudicio
1625 1029 1874 1138 prouinciali
1909 1057 1996 1114 non
2015 1034 2110 1142 plus
2132 1064 2262 1148 quam
2283 1021 2378 1122 tri-⁵

611 1241 616 1248 ,
691 1160 812 1268 ginta
831 1154 986 1238 solidos
1008 1151 1147 1242 soluat
1168 1150 1570 1261 condempnatus'in
1588 1147 1745 1230 iudicio
1779 1159 1923 1229 antem
1956 1149 2227 1237 ebdomadali
2248 1185 2356 1267 qna-

620 1303 624 1310 ’
688 1286 783 1356 tuor
818 1271 974 1354 solidos
1011 1268 1150 1353 soluat
1181 1270 1344 1378 dejure
1380 1276 1598 1355 consueto.
1662 1264 1771 1348 (lum
1808 1275 1952 1347 autem
1989 1297 2121 1352 causa
2141 1273 2355 1386 admugis
2418 1337 2421 1342 <

535 1445 545 1456 ·
689 1415 818 1500 quam
840 1390 1016 1498 triginta
1035 1387 1191 1470 solidos
1213 1415 1260 1468 se
1281 1388 1484 1482 extendet
1513 1394 1617 1468 tuno
1648 1383 1863 1494 condigna
1884 1384 2042 1470 solucio
2059 1389 2178 1471 sicut
2196 1391 2261 1473 ius
2283 1420 2356 1475 ex-

686 1507 875 1614 postulat
895 1533 1120 1587 causarum
1139 1506 1252 1587 illam
1273 1514 1491 1617 sequatur.
1541 1503 1649 1585 Item
1670 1499 1864 1582 uolumus
1886 1504 2004 1610 quod
2024 1507 2219 1590 omnibus
2241 1520 2358 1592 tran-
2413 1527 2417 1532 '

688 1625 770 1706 sire
806 1623 1049 1707 volentibus
1084 1625 1308 1732 ungariam
1342 1625 1410 1706 vel
1445 1620 1643 1704 Russiam
1666 1615 1710 1698 e't
1740 1646 1762 1698 e
1785 1621 1990 1702 conuerso
2013 1621 2066 1702 de
2087 1627 2268 1735 vngaria
2288 1628 2357 1711 vel

688 1740 844 1824 Russia
878 1769 955 1849 per
992 1739 1302 1823 Sandomiriam
1343 1739 1574 1823 Ciuitatem
1613 1735 1816 1816 transitus
1858 1740 2091 1820 communis
2132 1741 2354 1827 habeatur.

688 1858 797 1940 Item
819 1859 1013 1939 addimus
1034 1860 1327 1966 promittentes
1349 1859 1562 1952 aduocato
1591 1852 1843 1936 hereditario
1868 1863 1910 1934 et
1929 1856 2016 1935 suis
2037 1861 2214 1964 posteris
2236 1863 2356 1971 quod

689 1976 725 2062 si
743 1974 907 2084 aliquot
925 1975 1087 2055 lucrum
1108 1975 1266 2057 metalli
1286 1984 1435 2083 vtpote
1458 1973 1548 2054 auri
1570 1972 1738 2080 argenti
1760 1972 1879 2080 cupri
1904 1972 2066 2079 plumbi
2088 1987 2132 2057 et
2151 1981 2292 2088 stagni
2312 1983 2356 2060 in

689 2090 881 2178 districtu
913 2091 1109 2202 Ciuitatis
1143 2091 1495 2176 Sandomiriensis
1531 2092 1752 2170 inuentum
1782 2087 1909 2170 fuerit
1938 2091 2007 2173 vel
2034 2103 2250 2201 repertum
2270 2123 2356 2181 non

688 2210 808 2292 aliter
844 2236 973 2317 qnam
1004 2211 1097 2318 ipse
1129 2209 1365 2293 aduocatos
1396 2236 1493 2290 cum
1524 2208 1611 2289 suis
1641 2205 1842 2314 legitimis
1884 2212 2202 2295 successoribus
2244 2214 2356 2322 idem

687 2327 850 2410 lucrum
871 2327 1192 2438 [quodcumque
1229 2325 1356 2409 fuerit
1383 2327 1478 2434 jure
1514 2333 1717 2407 montano
1740 2324 1971 2432 occupabit
1990 2337 2155 2410 sextum
2177 2333 2203 2412 6
2227 2332 2355 2411 dena·
2409 2417 2414 2428 ,
2535 2379 2541 2390 ·

686 2444 792 2524 rium
825 2471 877 2524 ex
908 2444 1021 2527 dicto
1051 2446 1167 2528 lucro
1198 2445 1451 2526 hereditarie
1482 2444 1526 2523 in
1557 2450 1812 2551 perpetuum
1842 2441 1971 2524 libere
2004 2455 2047 2525 st
2068 2448 2154 2528 suis
2176 2449 2355 2555 posteris
2398 2522 2406 2538 ,
2440 2494 2445 2498 -

687 2559 945 2668 usurpando.
996 2560 1283 2644 Promittimns
1325 2564 1454 2643 etiam
1476 2560 1618 2643 omnia
1638 2559 1801 2640 vinaria
1821 2561 1890 2641 vel
1908 2570 2143 2644 structuras
2164 2566 2207 2644 in
2227 2566 2355 2650 fluvio

688 2674 789 2760 viclo
809 2705 885 2785 per
906 2706 1222 2791 quemcumque
1252 2678 1392 2761 factas
1414 2686 1457 2760 et
1477 2680 1784 2785 cuiuscumque
1819 2675 1978 2773 filerint
1995 2707 2071 2786 pro
2094 2708 2222 2788 opere
2252 2683 2356 2764 ciui·
2503 2769 2510 2786 ,

688 2794 791 2875 tatis
815 2794 1167 2904 Sandomiriensis
1195 2799 1437 2906 supradicte
1461 2805 1504 2877 et
1523 2795 1613 2875 aliis
1643 2795 1904 2902 temporibus
1936 2800 2199 2881 necessitatis
2229 2797 2367 2908 prout‘

686 2910 789 2993 iuris
810 2923 877 2995 est
895 2915 1077 3021 aperire
1104 2912 1340 2999 Statuimus
1362 2916 1536 3020 insuper
1556 2909 1795 3018 inpredieta
1817 2912 2004 2996 Ciuitate
2027 2914 2383 3021 Sandomiriensi

599 3095 607 3110 .
688 3024 825 3112 forum
857 3031 1037 3114 annuale
1063 3034 1107 3113 in
1133 3030 1243 3115 festo
1274 3031 1583 3138 assumpcionis
1602 3029 1878 3137 beatejmarie
1900 3033 2232 3142 quatuordecem
2254 3061 2381 3118 con··
2420 3037 2424 3040 “

643 3151 644 3154 '
687 3146 805 3228 tinne
827 3147 977 3230 diebus
999 3150 1203 3234 celebrari
1223 3157 1392 3258 semper
1413 3157 1457 3229 et
1477 3148 1608 3229 teneri
1639 3147 1833 3230 volumus
1854 3150 2002 3259 itaque
2022 3161 2070 3232 ut
2088 3179 2164 3262 pro
2185 3153 2258 3233 tali
2280 3154 2356 3237 do-

689 3266 869 3346 nacione
906 3264 1161 3349 hereditaria
1195 3263 1251 3348 et'
1273 3268 1482 3350 libertatis
1516 3265 1768 3373 recepcione
1804 3267 1929 3348 simul
1959 3278 2003 3350 et
2021 3297 2097 3377 pro
2121 3270 2356 3353 aduocaoia
2475 3335 2480 3344 .

690 3378 927 3476 aduncatus
947 3382 1226 3466 hereditarius
1247 3412 1345 3467 cnm
1366 3390 1551 3494 quatuor
1571 3381 1795 3464 balistariis
1811 3384 1934 3465 nobis
1951 3394 1994 3466 et
2008 3388 2163 3470 nostris
2184 3414 2355 3469 succes·
2490 3425 2496 3428 ·

689 3495 856 3579 soribus
888 3501 1092 3584 mittendo
1115 3503 1170 3582 ad
1190 3503 1490 3609 expediciones
1522 3498 1679 3608 quibus
1710 3502 1985 3607 personaliter
2015 3502 2259 3587 affuerimus
2288 3506 2357 3589 vel

688 3623 833 3698 noster
868 3644 1089 3699 successor
1124 3629 1318 3702 teneatur
1339 3646 1437 3700 cum
1458 3617 1546 3699 suis
1566 3619 1748 3725 posteris
1770 3617 1993 3731 deseruire.
2047 3622 2115 3704 Ad
2141 3624 2356 3732 predictas

690 3758 864 3842 quoque
898 3734 1137 3817 locucionas
1172 3746 1261 3817 tam
1277 3799 1281 3806 .
1298 3733 1494 3819 Ciuitatis
1525 3761 1654 3844 quam
1686 3761 1886 3844 agrorum
1907 3738 2043 3821 eidem
2066 3733 2363 3824 adiacencium'

622 3861 631 3876 ⁶
690 3850 764 3956 qui
785 3846 943 3931 fuerint
970 3855 1112 3935 vocati
1143 3882 1169 3934 a
1189 3853 1382 3948 Palatino
1405 3863 1449 3934 ct
1469 3852 1712 3940 Castellano
1746 3852 2157 3941 Sandomiriensibus
2180 3870 2224 3941 et
2243 3860 2356 3943 omni

686 3972 901 4082 potestate
919 3969 1107 4075 ipsorum
1127 3970 1347 4055 iudiciaria
1365 3981 1536 4081 propter
1557 3972 1620 4052 ins
1641 3971 1932 4054 theutonicum
1953 3974 2078 4058 simul
2099 4004 2194 4057 cum
2220 3977 2366 4060 adue-1

689 4092 786 4166 cato
808 4086 893 4166 sint
911 4088 1082 4196 penitus
1103 4090 1297 4192 absoluti,
1313 4090 1393 4170 nec
1409 4090 1509 4174 alibi
1523 4113 1712 4198 vnquam
1734 4088 1976 4173 citabuntur
1997 4094 2236 4177 aduocatos
2257 4122 2356 4176 cum

689 4198 856 4284 ciuibus
877 4206 965 4288 suis
987 4207 1117 4287 etalii
1139 4209 1227 4290 iure
1247 4208 1495 4296 theutonico
1531 4206 1715 4310 fruentes
1746 4208 1827 4287 nisi
1859 4209 1912 4289 ad
1944 4221 2134 4295 nostrum
2154 4201 2382 4294 iudicium

688 4317 726 4403 si
745 4345 853 4428 opus
889 4313 1017 4405 fuerit
1050 4352 1127 4434 per
1160 4327 1341 4408 litteram
1375 4326 1459 4409 sub
1496 4323 1634 4435 sigillo
1665 4334 1808 4409 nostro
1840 4353 1924 4409 non
1956 4329 2074 4413 aliter
2104 4358 2236 4440 quam
2265 4333 2356 4416 iure

688 4434 933 4524 theutonico
955 4443 999 4524 in
1022 4441 1217 4527 omnibus
1240 4445 1380 4526 causis
1399 4443 1629 4526 iudicandi.
1691 4441 1995 4529 Verumtamen
2016 4450 2052 4531 si
2072 4444 2247 4558 aliquod
2271 4451 2355 4558 pri·
2493 4443 2498 4448 ¹

688 4553 890 4664 uileginm
912 4563 1128 4656 emerserit
1153 4553 1213 4642 in*
1234 4572 1452 4670 posterum
1473 4571 1516 4645 et
1534 4588 1611 4671 per
1631 4558 1816 4671 aliquem
1837 4573 2053 4648 ostensum
2074 4564 2201 4648 fuerit
2218 4569 2355 4651 conti·

690 4695 796 4751 nens
816 4672 959 4770 forsan
980 4703 1107 4785 snper
1127 4680 1321 4786 predicta
1338 4679 1525 4763 Ciuitate
1547 4709 1574 4762 a
1588 4689 1738 4786 patruo
1759 4690 1903 4765 nostro
1918 4684 2062 4767 inclito
2078 4682 2202 4765 Duce
2218 4712 2357 4797 qnon-

691 4785 789 4867 dam
811 4788 1019 4876 Oracouie
1040 4804 1084 4876 et
1105 4796 1368 4880 Sandomirie
1388 4792 1587 4884 Bolezlao
1617 4797 1686 4879 vel
1716 4797 1789 4880 ab.
1805 4809 2074 4885 autecessore
2092 4801 2247 4910 ipsius,
2267 4802 2355 4886 'do-

658 4905 660 4912 '
690 4905 912 4993 necionem
941 4909 1100 4996 factam
1120 4915 1189 4997 vol
1209 4917 1475 5025 empcionem
1504 4923 1676 5026 propter
1705 4917 2015 5028 neglectionem
2046 4928 2209 5016 tantam
2238 4920 2356 5032 quod
