5409 6309
1052 876 1332 951 ...353-

367 1075 508 1163 teuttu
529 1105 625 1161 cum
646 1078 770 1188 pleno
791 1077 895 1164 dure
917 1087 961 1161 et
980 1087 1069 1163 toto
1102 1079 1285 1166 dominio
1316 1088 1446 1191 prout
1486 1079 1622 1191 ipsam
1641 1083 1797 1170 'villam
1840 1079 2020 1168 Wsloczn
2197 1165 2203 1174 .

369 1225 467 1282 cum
485 1196 598 1280 Area
616 1196 660 1281 in
681 1198 863 1282 Zocrzow
899 1198 980 1283 sita
1013 1201 1149 1282 tenuit
1183 1199 1333 1283 habuit
1367 1200 1574 1285 hactenus
1614 1205 1656 1283 et
1689 1203 1879 1312 possedit
1907 1197 2022 1288 Nihil
2133 1193 2144 1212 ’

370 1315 487 1402 Jnris
506 1315 778 1427 Proprietatis
808 1343 948 1426 neque
979 1318 1151 1404 dominii
1169 1320 1212 1400 in
1234 1315 1383 1402 eadem
1414 1315 1511 1403 villa
1540 1315 1719 1405 Wslecza
1739 1349 1835 1405 cum
1854 1347 1956 1406 area
1974 1324 2019 1406 in

369 1434 554 1520 Zucrzoeu
576 1437 657 1519 sita
676 1463 751 1550 pro
773 1463 819 1519 se
838 1438 931 1546 ipso
951 1466 1092 1550 neque
1113 1463 1189 1548 pro
1210 1438 1297 1520 suis
1317 1438 1517 1551 legitimis
1556 1440 1874 1525 successoribus
1903 1443 2022 1552 peni·

308 1581 329 1654 χ
368 1564 438 1652 tus
459 1556 747 1641 reseruandos
775 1552 957 1642 Strenuo
978 1559 1068 1644 viro
1092 1558 1259 1643 domino
1281 1557 1406 1643 Petro
1429 1558 1531 1640 alias
1555 1555 1854 1643 Schaffranecz
1874 1561 2022 1645 heredi

370 1673 424 1792 de
443 1670 813 1758 Pieszlcowo-Slrolo
829 1672 889 1788 (⁴)
913 1674 1194 1787 Subdapifero
1237 1674 1511 1762 Oracouiensi
1550 1704 1626 1787 pro
1669 1677 1859 1762 ducentis
1899 1681 2021 1788 quin·

370 1794 579 1902 quaginta
598 1795 749 1876 marcis
771 1821 1011 1905 grossorum
1031 1796 1208 1881 latorum
1225 1796 1506 1907 Pragensium
1522 1797 1682 1879 numeri
1698 1798 1889 1902 Polonici
1908 1826 2021 1882 nunc

369 1914 560 1995 consueti
582 1911 744 1995 scilicet
764 1910 1049 2025 quadraginta
1071 1927 1166 2001 octo
1189 1942 1361 2027 grossam
1381 1944 1567 1999 marcam
1588 1918 1631 1998 in
1649 1916 1884 2025 quamlibet
1904 1942 2019 1999 com·

367 2032 558 2141 putando
579 2031 717 2114 fassus
740 2043 806 2114 est
827 2041 869 2113 et
888 2034 1029 2143 palam
1047 2034 1190 2117 retulit
1210 2034 1452 2118 vendidisse
1470 2036 1693 2146 ipsamque
1718 2036 1863 2120 villam
1892 2030 2023 2117 Wsle-
2127 2105 2132 2118 .

327 2222 330 2236 .
370 2175 438 2233 czu
459 2177 556 2232 cum
575 2149 687 2233 Area
708 2150 751 2231 in
771 2147 955 2238 Zucrzoro
977 2154 1059 2238 sita
1078 2150 1205 2237 Justo
1228 2165 1270 2235 et
1289 2181 1389 2262 vero
1420 2154 1679 2239 vendicionis
1702 2163 1744 2236 et
1761 2154 2023 2267 resignacio·

370 2269 436 2350 nis
457 2268 576 2355 titulo
597 2269 908 2382 inperpetuum
928 2274 1164 2384 resignavit
1183 2300 1259 2382 per
1278 2273 1416 2382 ipsum
1439 2273 1653 2357 dominum
1668 2272 1840 2359 Petrum
1863 2283 1904 2356 et
1924 2299 2024 2357 suos

367 2386 580 2500 legitimos
611 2416 879 2473 successores
910 2392 1136 2482 tenendam
1157 2391 1400 2477 habendam
1421 2391 1703 2477 vtifruendam
1722 2394 2024 2502 possidendam

344 2506 636 2591 avendendam
673 2507 914 2593 donandam
946 2499 1218 2622 obligandam
1241 2512 1355 2594 acin
1376 2539 1477 2595 vsus
1499 2539 1598 2596 suos
1621 2520 1663 2593 et
1683 2539 1853 2596 suorum
1884 2513 2040 2625 legiti-¹

368 2651 530 2709 morum
571 2654 865 2712 successorum
905 2630 1140 2720 secundum
1172 2629 1496 2741 *beneplacitum
1532 2657 1653 2718 suum
1691 2632 2025 2716 conuertendam

368 2755 496 2855 prout
516 2745 597 2829 sibi
620 2755 662 2828 et
682 2749 768 2830 suis
789 2747 987 2857 legitimis
1009 2748 1326 2834 successoribus
1348 2750 1637 2860 supraindicta
1651 2748 1748 2863 (sic)
1770 2748 1870 2834 villa
1897 2746 2027 2834 117311-

240 2911 245 2920 -
370 2888 438 2947 cra
459 2872 501 2947 et
522 2894 620 2948 cum
639 2864 753 2950 Area
773 2868 817 2949 in
836 2863 1020 2951 Zacrzoru
1042 2870 1128 2951 sita·
1145 2869 1406 2974 commodius
1429 2879 1473 2952 et
1490 2869 1631 2953 vtilius
1667 2866 1877 2953 videbitur
1900 2897 2031 2979 expe-

371 2981 460 3066 dire
479 2986 729 3093 promittens
752 2987 886 3072 eciam
906 2986 1098 3095 predicto
1120 2988 1290 3073 domino
1311 2987 1436 3074 Petro
1453 2986 1735 3095 Subdapifero
1753 2985 2029 3071 Oracouiensi

370 3100 474 3185 alias
497 3101 798 3188 Szafranczoui
820 3111 862 3186 et
883 3107 969 3187 suis
986 3106 1237 3215 sequatibus
1255 3103 1311 3218 (1)
1333 3135 1409 3217 pro
1431 3108 1544 3192 omni
1566 3105 1749 3216 dampno
1771 3113 1815 3187 et
1837 3104 2031 3215 quolibet

370 3222 533 3307 notorio
553 3222 854 3331 impedimento
876 3221 976 3306 hinc
997 3225 1105 3308 inira
1124 3225 1316 3334 spacium
1343 3226 1468 3309 trium
1489 3252 1694 3310 annorum
1714 3249 1807 3306 sese
1829 3226 2029 3309 continue

368 3339 647 3448 sequencium
668 3342 806 3451 ipsum
829 3350 872 3424 et
893 3341 982 3425 eius
1003 3370 1271 3429 successores
1305 3344 1517 3455 legitimos
1540 3343 1595 3427 ab
1618 3340 1811 3429 omnibus
1850 3342 2029 3428 irrfesta-
2113 3369 2116 3374 ’

370 3456 562 3546 cionibus
598 3461 783 3546 racione·
803 3462 897 3545 ville
941 3458 1121 3548 Wsleoza
1143 3472 1185 3546 et
1205 3491 1304 3545 cum
1324 3461 1439 3547 Arca
1456 3464 1501 3545 in
1521 3460 1703 3546 Zacrzcw
1734 3462 1818 3546 sita
1837 3465 2026 3573 proxime

369 3578 484 3662 dicta
503 3578 802 3664 intercedendo
822 3580 1009 3665 releuare
1030 3582 1191 3666 tociens
1214 3584 1417 3694 quociens
1440 3580 1537 3693 (sic)
1569 3589 1853 3692 opportunum
1891 3583 2034 3669 eidem

370 3696 536 3782 domino
558 3697 683 3784 Petro
707 3698 820 3781 dicto
839 3696 1094 3785 Szalranecz
1118 3698 1399 3809 Subdapifero
1418 3699 1690 3787 Oracouiensi
1712 3730 1763 3784 ac
1783 3703 1870 3784 suis
1891 3700 2032 3813 legiti·
2166 3789 2169 3800 ¹

368 3817 447 3900 mis
468 3817 785 3903 successoribus
805 3815 931 3903 fuerit
952 3827 995 3900 et
1013 3846 1201 3902 necesse.
1232 3817 1282 3901 In
1304 3821 1424 3903 cuius
1444 3811 1504 3902 rei
1524 3819 1813 3903 testimonium
1835 3818 2029 3932 Sigillum

369 3944 558 4020 nostrum
579 3936 848 4021 Presentibus
871 3950 938 4023 est
958 3967 1192 4049 appensum
1224 3937 1371 4021 datum
1394 3938 1602 4024 Oracouie
1623 3936 1729 4020 feria
1750 3946 1904 4049 quarta
1923 3935 2032 4022 infra

267 4155 272 4186 Ι
373 4048 562 4141 Octauas
584 4054 745 4141 Sancte
768 4056 994 4144 Catherine
1014 4058 1189 4171 virginis
1204 4056 1329 4142 Anno
1352 4057 1510 4143 domini
1528 4057 1744 4144 millesimo
1762 4056 1916 4145 0000
1933 4087 2031 4168 pre·

479 4361 521 4442 (⁴)
544 4356 702 4427 Pisslowa
718 4357 826 4438 Stolo,
843 4360 921 4425 villa
936 4359 1012 4425 olim
1029 4356 1259 4426 Cracoviensis
1284 4358 1484 4446 provinciae.
1522 4360 1640 4426 Petrus
1666 4358 1854 4426 Szafraniec
1869 4359 1978 4444 junior
1992 4360 2033 4427 de

375 4442 534 4512 Ptutm
548 4443 657 4521 Stolo,
673 4452 730 4510 aut
744 4444 862 4512 Petrus
878 4445 918 4510 de
932 4446 1052 4533 Zmzyc
1066 4447 1175 4525 (1421,
1191 4441 1305 4510 videas
1329 4444 1510 4522 „Dodatek
1538 4444 1771 4544 tygodniowy’'
1802 4447 1894 4526 1852,
1921 4444 1965 4510 N⁰
1976 4448 2032 4527 211

308 4536 317 4555 ’
374 4523 635 4596 subctmerarius
646 4531 713 4614 jam
728 4529 952 4600 cracoviensis
965 4529 1027 4594 suit
1041 4552 1069 4595 a.
1083 4531 1175 4610 1410,
1187 4528 1222 4592 in
1236 4527 1321 4593 bello
1335 4528 1661 4615 contraCrucrgeros
1671 4530 1705 4595 in
1718 4528 1854 4598 Prussia
1869 4529 2033 4599 aPolonis

300 4661 303 4669 .
374 4621 409 4678 et
421 4612 594 4681 Lithuanis
610 4624 715 4698 gesto,
731 4622 764 4677 et
778 4612 842 4682 hoc
855 4624 1003 4699 tempore
1030 4611 1191 4701 generalis
1214 4612 1417 4677 exercituum
1433 4614 1497 4679 dux
1522 4637 1541 4678 a
1556 4638 1590 4679 re
1617 4638 1633 4678 e
1649 4613 1816 4682 Vladisluo
1836 4614 2033 4684 nominatus.

376 4695 472 4764 Conl.
485 4698 690 4784 Wapowscii
705 4697 864 4777 Annales,
879 4698 1055 4763 vernacula
1068 4698 1180 4785 lingua
1200 4720 1306 4783 nuper
1320 4697 1437 4764 Vilnae
1452 4698 1560 4764 editos
1577 4637 1673 4777 till,
1688 4723 1720 4787 p.
1733 4702 1806 4766 281.
1842 4700 1921 4765 Fuit
1935 4701 2034 4768 etiam
2069 4701 2073 4710 ’

372 4783 564 4873 capitaneus
578 4781 799 4850 lanciciensis.
833 4785 885 4850 De
901 4782 956 4848 illo
972 4782 1063 4871 legas
1079 4784 1114 4848 in
1128 4782 1252 4852 Codice
1278 4791 1396 4850 nost-ro
1411 4782 1472 4849 sub
1487 4783 1596 4849 multis
1611 4785 1706 4860 annis
1720 4783 1848 4851 tabulas
1863 4785 1930 4871 jam
1942 4791 2035 4875 typis

373 4879 535 4946 exaratas,
564 4877 598 4933 et
627 4867 739 4933 Lucae
769 4865 1009 4953 Golebiowscii
1045 4867 1262 4948 „Pauowauie
1294 4867 1339 4935 Ja
1366 4866 1546 4945 ’ellondvv,”
1569 4881 1602 4936 et
1629 4868 1790 4952 Labeceii
1812 4866 2032 4947 „Gdrnictvvo

375 4976 407 5019 vv
417 4953 554 5021 Polsce”
571 4952 667 5106 ’1ἰὸἑὲ
682 4976 759 5042 pag.
773 4957 843 5021 124.
880 4954 996 5022 Frater
1011 4961 1080 5036 ejus
1094 4963 1174 5020 natu
1188 4954 1303 5041 major,
1324 4890 1449 5022 ,ffgtms
1464 4953 1571 5032 etiam,
1600 4954 1764 5042 palatinus
1795 4954 2034 5036 cracoviensis,

375 5049 523 5107 mortuus
539 5062 568 5104 a
664 5085 673 5104 .

1765 5141 1825 5205 46*
1894 5177 1897 5184 ·
