5409 6309
904 844 910 855 6

1073 855 1348 936 -Νε-

923 977 928 988 h

888 1257 891 1264 ’
987 1201 991 1208 ’
1062 1275 1345 1394 urruns
1706 1455 1709 1462 .

657 1538 727 1621 lu
744 1530 1126 1640 Bython-21
1146 1532 1403 1620 Octobris
1428 1532 1567 1623 1³92
1585 1553 1752 1621 amno.

203 1845 207 1856 Ι
312 1745 315 1750 ’
372 1755 534 1842 imit
544 1755 732 1837 Iublt‘oim,
753 1754 938 1847 humbert
951 1753 1018 1829 sive
1034 1751 1161 1823 Olesmo
1175 1756 1209 1829 ci
1223 1753 1352 1826 Goozow
1373 1753 1540 1831 mnblw
1554 1751 1623 1832 duci
1638 1753 1835 1846 bitumen!
1848 1756 1884 1829 οῐ
1896 1755 2037 1833 nolum

556 1909 566 1932 .
600 1876 639 1934 ee
651 1857 819 1935 honines
832 1858 904 1933 hiis
917 1856 1056 1953 einim
1072 1857 1308 1952 supinorum
1329 1875 1349 1932 r
1367 1858 1513 1952 δῃίὓωο
1526 1858 1565 1934 do
1579 1859 1746 1948 Miebugm
1756 1859 1812 1943 (¹).

477 2067 566 2154 Nos
585 2066 866 2154 Praemislaus
887 2074 931 2152 et
950 2063 1086 2152 Bolko
1106 2064 1389 2152 Przemislaus
1410 2092 1499 2177 que
1517 2067 1607 2152 nati
1627 2067 1816 2151 eiusdem
1837 2065 2040 2179 theschy-

374 2214 527 2271 nenses
549 2188 618 2302 dei
638 2189 785 2301 gracia
805 2187 949 2293 duces,
972 2185 1130 2271 domini
1152 2195 1196 2270 et
1214 2186 1407 2272 heredes.
1437 2187 1481 2273 N
1482 2198 1598 2272 otum
1618 2184 1798 2271 facimus
1817 2188 2038 2295 uniuersis,

377 2302 533 2417 quibus
565 2307 755 2419 expedit,
776 2307 832 2393 ad
853 2333 1033 2420 quorum
1061 2305 1262 2397 noticiam
1297 2314 1518 2418 presentes
1549 2314 1694 2393 nostre
1728 2306 1847 2391 litere
1881 2304 2038 2392 firerint

374 2425 587 2513 deuolute.
640 2421 768 2527 Quod
803 2453 831 2510 a
849 2425 990 2511 valido
1010 2422 1138 2510 milite
1159 2424 1360 2537 spithone
1381 2425 1435 2508 de
1458 2421 1631 2511 Meliten
1664 2426 1853 2537 paiatino
1889 2452 2038 2512 craco-

371 2545 539 2650 wiensi,
576 2543 790 2632 distsictus
819 2546 952 2658 ipsius
983 2542 1182 2628 videlicet
1214 2543 1529 2657 lyblynensem,
1563 2545 1961 2657 rosembergensem
1996 2553 2041 2629 et

370 2665 704 2778 gorzowiensem
738 2691 825 2749 una
859 2691 956 2748 cum
991 2661 1210 2775 fortalicijs
1232 2671 1277 2749 et
1296 2664 1434 2776 opidis
1469 2662 1694 2777 Lublynecz
1726 2675 1770 2750 et
1797 2663 2038 2778 Rozcmberp

373 2781 479 2874 elias
515 2779 679 2869 Oleszno
714 2812 813 2870 cum
848 2782 1043 2869 omnibus
1065 2793 1109 2867 et
1128 2783 1306 2894 singulis
1328 2784 1588 2893 attinencijs,
1607 2782 1877 2895 pertinencijs
1897 2792 1943 2867 et
1961 2809 2041 2894 ap·

370 2902 537 3015 pendijs
567 2903 776 2988 uniuersis
797 2903 854 2988 ad
876 2902 1090 2987 districurs
1121 2899 1330 2988 fortalicia
1349 2912 1394 2988 et
1414 2901 1543 3016 opida
1572 2902 1863 3013 spectantibus
1898 2901 2040 3013 predi-

263 3033 268 3041 ’
372 3031 457 3128 cta,
480 3023 667 3131 exceptis
700 3022 951 3134 dumptaxat
981 3018 1082 3135 (sic)
1113 3019 1280 3104 duabus
1309 3021 1417 3106 villis
1440 3031 1483 3104 et
1500 3020 1807 3107 hereditatibus
1842 3017 2041 3104 videlicet

371 3139 543 3224 Bernow'
565 3149 609 3223 et
627 3133 830 3242 Koszczin,
852 3163 960 3248 quas
980 3166 1056 3252 pro
1077 3166 1125 3224 se
1146 3148 1190 3223 et
1210 3139 1297 3224 suis
1316 3137 1546 3225 heredibus
1574 3138 1687 3223 idem
1718 3139 1855 3222 dictris
1888 3135 2040 3249 Spitko

372 3285 469 3343 cum
491 3260 605 3342 omni
624 3258 714 3342 iure
736 3268 780 3343 et
800 3256 984 3346 dominio
1013 3259 1267 3363 reseruauit,
1287 3258 1332 3341 in
1351 3257 1462 3342 mille
1491 3259 1645 3343 marcis
1677 3283 1921 3371 grossorum
1940 3284 2040 3369 pra-

369 3377 567 3492 gensium
602 3377 763 3460 numeri
799 3378 992 3463 consueti
1027 3376 1232 3491 polonici,
1274 3376 1564 3491 quadraginta
1584 3387 1680 3464 octo
1702 3403 1874 3490 grossos
1894 3403 2041 3462 marca

368 3521 446 3609 pro
468 3495 662 3606 qualibet
692 3497 977 3607 computando
1009 3496 1266 3608 accepimus,
1294 3495 1419 3581 nobis
1451 3495 1704 3609 obligatorio
1735 3496 1903 3581 nomine
1931 3496 2038 3581 assi·

432 3624 515 3723 ata,
535 3614 617 3701 sub
638 3615 775 3700 modis
796 3623 841 3700 et
860 3614 1180 3701 condicionibus
1215 3612 1508 3732 indescriptis.
1540 3613 1667 3718 Quod
1686 3616 1730 3698 in
1749 3616 1919 3701 racione
1941 3641 2038 3727 pre·

370 3645 579 3822 iberum
611 3734 896 3841 districtuum,
930 3732 1236 3822 fortaliciomm
1256 3734 1542 3846 stupidorum
1562 3762 1660 3820 cum
1681 3732 1845 3846 prefato
1868 3732 2037 3820 domino

477 3997 517 4146 (ip
538 3995 593 4062 Ex
619 3994 775 4085 originali
799 3992 938 4064 Archivi
955 3994 1063 4083 Regni
1076 3994 1129 4062 N0.
1142 3995 1217 4076 808,
1244 3997 1494 4087 descripserunt
1519 3995 1751 4065 Muczkowski
1772 4006 1807 4063 et
1825 3996 1897 4063 Iseo
1913 3991 2038 4082 Bnysz·

373 4100 480 4147 ozews
517 4125 526 4146 .

409 4187 416 4200 ’
475 4166 596 4234 Omnia
628 4176 807 4234 memorata
820 4165 856 4233 in
869 4163 933 4232 hac
953 4164 1066 4232 tabula
1086 4165 1212 4253 oppida
1233 4175 1269 4234 et
1284 4167 1447 4235 fortaiitia
1467 4168 1503 4235 in
1523 4168 1659 4254 antiqua
1681 4166 1799 4236 Silssis
1818 4165 2038 4244 inveniuntur3

369 4248 530 4319 Lublinioe
543 4261 578 4317 et
588 4249 719 4318 Oleamo
732 4251 767 4317 in
780 4247 1002 4317 Borusscrum
1016 4247 1116 4316 hodie
1130 4260 1208 4317 sunt
1220 4273 1336 4338 regno,
1345 4253 1473 4321 Cubdz‘
1486 4276 1567 4321 vero
1583 4264 1618 4320 et
1629 4251 1769 4319 Sicorim
1781 4250 1816 4318 in
1827 4247 2037 4318 Polonornm.

372 4332 499 4402 Urbem
526 4335 676 4416 Siewirrz,
703 4335 882 4436 episcopus
907 4332 1138 4404 cracoviensis
1155 4332 1215 4403 Sbi
1262 4357 1321 4403 ens
1346 4336 1530 4424 Oleinichi,
1559 4349 1694 4407 sanctae
1707 4356 1862 4402 romanae
1877 4333 2038 4402 ecclesias

373 4419 560 4500 cardinalis,
576 4418 739 4487 Casinriro
754 4417 973 4507 Jagrellonide
987 4426 1158 4508 regnante,
1184 4442 1205 4484 a
1242 4420 1358 4489 ucibua
1373 4422 1511 4492 Silesiae
1527 4424 1616 4493 emit:
1638 4422 1779 4489 sisoim
1791 4421 1903 4504 itaque
1917 4427 1952 4485 et
1966 4418 2038 4487 ee·

371 4505 445 4574 lodi
458 4506 494 4572 in
508 4504 724 4572 cracoviensi
739 4503 817 4571 olim
829 4503 1003 4593 provincia
1018 4511 1114 4570 erant
1127 4502 1293 4591 hodieque
1307 4505 1342 4572 in
1356 4506 1414 4574 illa
1428 4517 1514 4576 sunt.
1549 4509 1660 4578 Urbes
1680 4507 1903 4590 Borusscrurn
1916 4525 2038 4576 meme·

373 4601 466 4658 ratae
479 4589 533 4657 his
547 4588 630 4656 locis
644 4589 681 4656 in
694 4587 838 4656 confinio
851 4587 1010 4656 Poloniae
1023 4587 1238 4655 inveniuntur
1251 4589 1286 4655 in
1301 4591 1473 4677 provincia
1487 4592 1670 4680 opoliensi.

477 4673 596 4775 Sigille
605 4682 683 4741 sunt
692 4673 758 4774 tria
768 4671 1142 4773 taeniolispargamenis
1153 4695 1312 4761 appense.
1326 4674 1474 4744 Primum
1485 4677 1526 4744 de
1534 4699 1612 4744 cern
1744 4675 1752 4691 ‘
1767 4672 1900 4752 exhibet
1909 4673 2039 4761 insigne

375 4760 512 4832 Silesiae
526 4759 561 4826 rd
574 4768 627 4827 est
684 4757 782 4824 nrlarn
797 4779 871 4824 cnm
885 4755 947 4824 alra
965 4778 1122 4845 expansis
1136 4767 1172 4824 et
1185 4780 1262 4850 cnsp
1274 4758 1386 4828 verbis
1400 4760 1436 4826 in
1449 4760 1583 4829 ambitu:
1604 4761 1684 4831 S.P
1719 4758 1936 4832 SEMISLAJ
1955 4759 2039 4829 Du·
2178 4781 2182 4794 ·

322 4849 327 4866 ⁴
375 4845 446 4918 cls
469 4843 636 4916 THESIN
683 4842 790 4914 NSIS·
828 4842 1015 4912 Secundum
1029 4841 1071 4908 de
1085 4863 1165 4909 cera
1178 4841 1289 4928 stiam,
1305 4843 1366 4912 sed
1379 4844 1496 4914 viridis
1519 4845 1656 4930 coloris,
1678 4849 1773 4935 quns
1790 4843 2036 4934 verbapenitus

372 4930 492 5001 deleta·
517 4929 665 4997 Tertium
679 4951 761 4998 vero
787 4928 893 4996 minas
907 4927 949 4995 de
965 4949 1042 4996 cern
1062 4926 1159 4996 viridi
1179 4948 1254 4997 cum
1276 4928 1387 5016 aquila
1408 4929 1571 5002 silesisnsi
1584 4940 1621 5002 at
1634 4953 1709 5001 aum
1726 4932 1838 5003 verbis
1853 4931 1888 4999 in
1901 4931 2038 4999 ambitus

373 5017 410 5088 S.
426 5015 673 5089 wensonis
696 5013 836 5086 DUGIS
857 5013 900 5084 D.
915 5011 1101 5086 Tnssvu
