5409 6309
1389 844 1435 866 ..
1486 750 1662 886 m*-

697 1020 839 1104 sillsm
861 1040 981 1102 snam
1003 1012 1158 1100 Lirenas
1178 1013 1246 1131 (ἢ.
1268 1015 1394 1099 sitam
1412 1018 1456 1098 in
1477 1010 1601 1097 terra.
1622 1020 1767 1099 nestra
1788 1006 2294 1124 &edominari-prout
2308 1016 2354 1099 in

697 1141 784 1222 suls
805 1130 1017 1249 granicijs
1038 1138 1176 1219 metis.
1197 1144 1243 1216 et
1258 1132 1459 1246 gadibus.
1475 1131 1538 1216 ab
1560 1132 1736 1244 critique
1760 1126 2205 1217 circumferencislitar
2224 1132 2352 1248 longe

695 1252 966 1366 lateqne'est
989 1257 1207 1339 distincta.
1240 1254 1291 1335 de
1323 1252 1429 1336 Jure
1460 1244 1740 1354 Polonicb‚-in
1761 1248 1844 1334 elus
1865 1250 2198 1357 Thubursicum,
2233 1256 2350 1366 qued

696 1368 904 1461 Scedense
923 1396 925 1403 ’
942 1377 1105 1477 dicitnr,
1139 1368 1433 1457 transferimus
1453 1382 1657 1483 perpetue
1679 1366 1945 1476 duraturum,
1966 1369 2250 1465 Remanentes
2269 1373 2350 1457 rbi-

696 1497 791 1579 dem
814 1498 954 1580 omnia
974 1493 1082 1577 Jure
1103 1493 1374 1580 Pelonicelia.
1397 1493 1557 1575 medes.
1580 1484 1623 1573 et
1644 1489 1969 1572 consuetudines
2001 1493 2232 1575 vnlnersaa.
2265 1518 2350 1604 que

694 1615 936 1724 ipsumam
958 1614 1273 1726 Theutunicum
1292 1611 1544 1721 plerumque
1566 1607 1812 1720 perturbare
1833 1620 2164 1712 consueuerunt,
2194 1611 2352 1695 Eximi·

695 1761 789 1821 mus
809 1737 981 1844 insuper
1002 1732 1272 1817 absoluimus.
1297 1742 1339 1811 et
1358 1741 1564 1840 perpetuo
1586 1731 1837 1813 liberamus„
1860 1725 2122 1812 Scultetnm..
2144 1728 2351 1815 Kmetho·

694 1880 795 1936 nes„
840 1851 1078 1938 Ortulenos
1104 1861 1144 1931 et
1167 1851 1369 1959 quosuis..
1407 1851 1574 1954 Incolae
1610 1849 1705 1933 ville
1743 1845 1930 1957 predicte
1965 1847 2132 1949 Lissen),
2163 1848 2217 1937 ab
2241 1849 2352 1935 omni

695 1972 1005 2056 Jurisdiccicne
1028 1980 1070 2052 et
1089 1981 1321 2079 potestate,
1364 1970 1548 2053 omnium
1578 1966 1719 2080 Regni
1739 1967 1910 2053 nestri...
1932 1966 2246 2052 Palatinarum..
2268 1966 2351 2053 Oa-

696 2094 991 2175 stellannrum..
1028 2087 1255 2172 ludicum..
1301 2085 1602 2193 Subiudicum3
1644 2096 1992 2195 ceterorumque..
2035 2081 2288 2170 Officialium
2310 2098 2353 2171 et

694 2209 1025 2296 Min'sterialium
1049 2208 1297 2312 eorundem3
1319 2217 1366 2289 vt
1386 2235 1526 2290 ceram
1548 2208 1649 2317 ipsis
1671 2214 1746 2288 ant
1767 2204 1907 2315 alique
1930 2202 2095 2306 eorum3
2116 2233 2191 2316 pro
2214 2208 2352 2291 causis

692 2340 780 2412 tarn
802 2329 980 2439 magnis.
1005 2356 1131 2439 quarn
1156 2331 1308 2435 paruis.
1332 2337 1454 2435 puta3
1488 2326 1595 2409 furti:
1629 2324 1861 2435 sanguinis.
1898 2324 2123 2436 homicidij.
2146 2325 2350 2437 Ineendij.

693 2448 976 2534 membrorum
1015 2446 1308 2530 mutilacionis.
1332 2432 1382 2528 ac
1405 2442 1745 2558 quibuscumque
1782 2442 1893 2553 abja,
1930 2444 2048 2526 citati
2083 2446 2252 2528 minime
2288 2475 2353 2529 re·

635 2592 638 2598 ’
695 2567 985 2677 spondebunt,
1025 2594 1104 2646 nec
1142 2566 1306 2673 aliquas
1342 2592 1476 2672 penas
1513 2567 1681 2648 soluere·
1710 2562 1979 2650 tenebuntur.
2028 2562 2114 2648 Sed
2158 2576 2347 2649 tantum..

693 2686 967 2770 Kmethenes
991 2693 1061 2771 et..
1081 2684 1225 2770 Incnle
1247 2684 1554 2795 predicteville
1571 2683 1735 2781 Lissona
1758 2711 1898 2769 eoram
1921 2707 2026 2769 eun..
2051 2682 2256 2769 Sculteto.
2279 2688 2353 2796 qni

694 2834 770 2918 pre
793 2818 979 2914 tempore
1001 2803 1149 2887 fuerit..
1183 2801 1399 2887 Scultetus
1421 2831 1519 2888 vere
1543 2831 1683 2886 coram
1715 2801 1879 2912 prefato
1902 2800 2145 2910 Spithcene.
2169 2816 2243 2886 aut
2262 2808 2350 2887 suis

695 2925 933 3025 heredibus,
955 2932 1005 3007 et'
1019 2923 1334 3007 successoribus
1376 2921 1617 3034 legittimis,
1636 2924 1704 3006 vel
1725 2946 1994 3035 quocumque
2015 2922 2181 3006 dominc
2204 2950 2353 3031 supra-

696 3046 808 3128 dicte
840 3044 955 3146 ville,
987 3071 1063 3126 seu
1095 3071 1236 3127 ceram
1257 3043 1379 3127 nobis
1401 3042 1469 3126 vel
1493 3036 1663 3125 Judicio
1685 3050 1828 3125 nostro
1851 3038 2055 3152 generali,
2078 3046 2113 3123 si
2134 3044 2351 3151 predictus

696 3162 887 3276 Spithcc.
910 3163 978 3249 vel
997 3164 1061 3244 sui
1081 3163 1279 3267 heredes²
1312 3171 1387 3247 aut
1419 3165 1692 3273 quicumque.
1723 3160 1966 3270 supradicte
1996 3160 2114 3259 ville,
2147 3162 2353 3249 dominus.

550 3382 553 3391 ι
696 3282 740 3365 in
761 3282 977 3365 reddenda
1012 3281 1178 3363 iusticia
1214 3280 1482 3393 negligentes
1519 3278 1667 3385 ferent.
1706 3281 1805 3362 dum
1836 3290 1979 3362 tamen
1999 3307 2074 3388 per
2093 3280 2258 3363 literam
2278 3310 2354 3367 no·

695 3398 844 3506 stram,
882 3399 1030 3513 Sigilln
1067 3412 1209 3485 nostre
1248 3398 1489 3512 sigillatam.
1543 3410 1748 3485 euocatus
1797 3396 1934 3481 fuerit.
1972 3408 2074 3481 tunc
2110 3428 2196 3484 nen
2233 3399 2352 3484 aliter

695 3504 825 3639 quam
858 3518 962 3603 Jure
995 3506 1261 3609 Theutunico
1286 3521 1502 3630 predicte.
1542 3518 1714 3619 cuilibet
1734 3520 1789 3602 ad
1811 3518 1979 3603 obiecta
2013 3520 2269 3628 respondere
2299 3522 2352 3602 sit

696 3634 906 3725 astrictus
938 3639 990 3722 In
1012 3640 1149 3722 causis
1171 3667 1271 3722 vero
1294 3639 1575 3721 criminalibus
1598 3649 1639 3720 et
1660 3636 1927 3747 capitalibus.
1960 3639 2152 3746 superius
2185 3666 2354 3746 expres-

695 3763 826 3843 satis..
866 3746 1053 3842 Sculteto
1088 3764 1319 3841 memorate
1355 3756 1465 3841 ville.
1497 3746 1739 3862 Judicandn
1776 3758 2078 3863 sentenciandi.
2102 3757 2350 3869 corrigendi.

697 3890 739 3962 et
760 3878 971 3990 puniendi,
995 3878 1144 3958 damus
1169 3888 1211 3958 et
1232 3875 1496 3960 conferimus.
1517 3879 1633 3961 iuxta
1655 3886 1764 3960 terre
1786 3878 2144 3961 consuetudinem.
2178 3877 2351 3987 plenam

696 4006 740 4082 et
761 3996 1041 4081 omnimodam
1063 3993 1323 4078 facultatem.
1345 4003 1472 4103 prout
1490 3995 1572 4079 hoc
1595 3995 1675 4080 Jus'
1708 3992 2022 4080 Theutunicum
2060 3995 2289 4101 Sredense‚
2309 3997 2354 4078 in

695 4115 892 4202 omnibns
914 4119 998 4197 suis
1020 4116 1209 4224 punctis,
1247 4115 1457 4198 clausulis.
1482 4126 1524 4196 et
1544 4116 1874 4200 condicionibus,
1896 4115 2084 4225 postulat
2104 4126 2146 4197 ct
2166 4117 2354 4228 requirit.

695 4235 871 4321 Juribus
907 4245 1051 4319 tamen
1087 4232 1319 4345 Regalibus
1341 4235 1384 4317 in
1404 4234 1597 4323 omnibus
1634 4264 1801 4346 semper
1837 4235 1978 4320 saluis.
2009 4232 2172 4321 Harum
2195 4234 2352 4351 quibus
2464 4291 2468 4301 .

695 4356 895 4467 Sigillum
916 4366 1103 4439 nestrum
1127 4382 1362 4463 appensum
1383 4365 1448 4437 est
1470 4357 1708 4440 testimonio
1728 4353 2140 4457 literarum,·Actum
2165 4351 2351 4437 Graecam

693 4475 953 4577 inOrastinc
975 4474 1228 4583 Epyphanie
1261 4473 1437 4579 domini,
1467 4474 1590 4558 Anno
1614 4473 1801 4558 eiusdem
1822 4473 2058 4559 Millesime.
2083 4474 2352 4557 Trecentesi-

695 4621 778 4683 mo.
803 4590 1116 4705 Octoagesimo.
1140 4595 1300 4703 quinto.
1338 4590 1612 4683 Presentibus
1633 4590 1714 4703 hijs
1737 4590 1956 4682 strennuis
1976 4605 2020 4679 et
2038 4588 2357 4681 honorabilibus

802 4880 840 4962 (ε)
864 4881 996 4954 Deciis,
1012 4882 1116 4948 altere
1128 4881 1204 4947 villa
1220 4884 1320 4949 estin
1335 4883 1470 4969 regione
1487 4882 1743 4951 sandominensi
1765 4883 1939 4973 {parochis
1949 4883 2097 4965 Melies).
2109 4882 2214 4951 altem
2226 4905 2306 4949 vem
2321 4881 2358 4949 in

697 4963 832 5053 rffiione
847 4964 1066 5045 Redemiensi,
1080 4968 1257 5054 parochiae
1271 4990 1349 5034 suae
1365 4977 1416 5033 est
1433 4977 1542 5054 ceput.
1559 4969 1657 5035 Haec
1674 4977 1709 5034 et
1722 4966 1780 5034 ille
1790 4970 1826 5034 iu
1839 4968 2097 5041 &donimani
2111 4968 2291 5056 promen,
