5409 6309
1101 797 1255 878 ...a
1310 731 1383 884 .·.χ

394 1035 455 1113 m,
471 1020 551 1139 (ψ
569 1012 712 1132 (ὁροω
732 1006 1001 1142 (limpore.
1023 1000 1155 1085 dedici
1173 1000 1240 1115 (ὓ).
1275 998 1494 1084 roioootow
1516 988 1605 1108 (¹⁰).
1652 990 1845 1104 Lauta·
1864 987 1952 1106 (¹¹)
1970 989 2064 1091 dlu-
2135 989 2142 1001 ’

390 1143 505 1260 paria
527 1131 615 1254 (Π).
656 1129 859 1218 Cesoouioi
888 1119 976 1240 (Η).
1015 1119 1197 1204 Jouerae
1229 1112 1316 1232 (Ν).
1346 1115 1540 1227 podiense
1573 1107 1663 1223 (¹⁵).
1698 1110 1942 1223 Marooaitj
1973 1103 2062 1225 (⁶).

292 1315 294 1319 ,
392 1260 662 1346 premerem
689 1251 778 1368 (Π).
817 1249 961 1333 Ostrea
994 1235 1100 1352 (¹⁵).
1134 1233 1317 1348 Karqou.
1350 1233 1456 1328 siolo
1490 1225 1578 1343 (Ν).
1609 1225 1792 1344 placituro
1825 1223 1915 1338 (Ν)
1959 1227 2065 1314 Post

395 1409 524 1493 quem
547 1377 740 1463 dominus
761 1368 956 1454 Andreas
987 1356 1115 1442 frater
1137 1363 1280 1438 noster
1304 1352 1547 1460 Episcopus
1579 1345 1875 1430 mazeuiensis.
1908 1346 2063 1430 duetus

393 1498 489 1583 nelo
509 1497 589 1581 dei.
612 1521 712 1578 suas
732 1485 924 1601 proprias
959 1476 1218 1559 hereditates
1248 1471 1331 1579 ipsi
1365 1466 1622 1553 monasterio
1660 1463 1846 1547 donauit.
1892 1460 2063 1545 Breuni·

397 1615 498 1700 oi'am
511 1608 596 1728 (²¹)
615 1611 815 1695 uidelicet
833 1606 878 1685 in
892 1591 1255 1709 juretlieutenico
1288 1587 1386 1668 oum
1417 1583 1598 1669 ecelesia
1628 1591 1672 1664 et
1693 1608 1791 1661 oum
1812 1578 1986 1661 decimis
2009 1563 2063 1661 de

345 1835 348 1841 ¹
394 1760 565 1818 nemore
581 1732 700 1843 qued
718 1736 873 1839 postea
895 1705 1246 1800 excolatur-eloco
1268 1704 1314 1817 (a
1333 1702 1447 1813 loco)
1467 1702 1536 1787 illo
1558 1728 1586 1785 a
1606 1726 1692 1811 quo
1715 1697 1907 1779 decimas
1923 1696 2062 1804 peroi2

393 1860 546 1963 pererit
569 1846 777 1936 Oanonioi
799 1836 977 1926 ecclesie
1012 1834 1155 1912 nostre
1192 1850 1319 1931 super
1355 1820 1593 1920 noualibus,
1630 1841 1811 1925 quarum
1844 1812 2063 1896 noualium

375 1980 531 2056 ‚metas
556 1977 599 2049 et
616 1970 833 2048 terminos.
864 1957 1047 2039 Doman.
1086 1953 1130 2025 ‘et
1163 1938 1404 2023 bernardus
1440 1935 1573 2044 nostrj
1612 1930 1821 2017 Canonioi
1855 1930 1973 2013 missi
2009 1929 2063 2012 de

282 2163 285 2172 .
394 2084 606 2192 eommunj
628 2080 815 2168 oo‘iisilio.
851 2075 961 2156 inter
997 2057 1231 2146 bresaiciam
1265 2057 1557 2166 supradictam
1588 2060 1632 2132 et
1664 2045 1870 2160 lopaclam
1890 2041 1966 2160 (¹²)
1983 2073 2063 2159 ¹per

393 2204 546 2288 uallem
568 2229 652 2313 que
668 2193 825 2314 priaelci'
842 2186 917 2305 (Ἢ)
937 2177 1217 2289 nuncupatur
1230 2184 1274 2258 et
1292 2177 1412 2259 iuxta
1431 2176 1602 2256 uineam
1620 2168 1826 2280 peruiam
1842 2174 1948 2274 aput
1963 2161 2064 2277 (sio)
2167 2203 2174 2218 ·

267 2339 271 2348 “
395 2320 573 2435 iapida
591 2313 667 2433 (Ν)
689 2331 774 2431 'que
797 2312 914 2397 ducit
932 2306 979 2387 in
1000 2325 1146 2381 creceio
1168 2288 1257 2408 (²⁵).
1281 2295 1568 2404 assignarimt.
1605 2282 1811 2398 lopariloom
1843 2279 2063 2386 cumatile,

397 2441 542 2524 sisciae
563 2433 638 2552 (⁹⁶)
660 2435 844 2523 totaliter
865 2455 964 2513 cum
987 2415 1172 2502 Chroaoio
1194 2409 1283 2529 (¹⁷),
1311 2414 1358 2494 in
1378 2406 1553 2494 dolosior
1575 2401 1649 2521 (Ἡ)
1672 2403 1790 2516 quod
1810 2397 1939 2484 irater
1959 2424 2063 2482 suus

253 2709 260 2722 ·
479 2635 543 2751 ,(7)
572 2664 694 2728 Witow,
711 2655 793 2720 duae
808 2649 904 2716 villae
921 2651 997 2711 sunt
1013 2637 1160 2726 ejusdem
1173 2629 1328 2710 nominis,
1344 2626 1448 2694 altera
1459 2617 1621 2690 territorii
1634 2616 1893 2689 Miechoviensis
1910 2636 1988 2684 snae
2002 2632 2062 2700 pa·

393 2736 527 2803 roohras
564 2770 583 2810 a
607 2756 642 2810 ut
655 2752 688 2807 et
707 2738 810 2804 altera
823 2728 988 2800 territorii
1000 2719 1203 2799 notissimis,
1218 2712 1397 2801 parochiae
1412 2710 1594 2778 Naolensis.
1738 2717 1743 2727 '
2063 2737 2066 2742 ,

408 2873 413 2880 ·
494 2826 540 2909 (⁸)
562 2770 929 2919 dpowaadvistulim
944 2814 979 2877 in
995 2806 1146 2878 Gallioia.
1599 2805 1601 2808 ·

497 2911 541 2994 (⁹)
562 2915 680 2980 Badirc
693 2912 728 2974 in
743 2907 811 2974 anti
836 2925 878 2967 ua
890 2897 1010 2983 Rpliea
1024 2887 1252 2984 Craooviensi.

496 2996 554 3078 (ω)
575 2996 761 3064 maeatae
775 2991 823 3054 ibi
848 3009 899 3052 em
912 2984 1075 3056 locorum,
1098 2973 1141 3037 ad
1153 2970 1330 3036 Vistulam.

496 3080 554 3163 (Π)
575 3081 749 3147 Luacoioico
761 3073 894 3147 ibidem,
911 3060 1171 3149 septentrionem
1184 3044 1559 3121 versusaChrzanovia

329 3211 335 3220 ·
484 3166 558 3247 (Β)
578 3165 766 3248 Dluporzya
779 3147 991 3220 ibidemloci.
1191 3141 1198 3148 '

406 3275 416 3285 '
498 3249 556 3330 (¹³)
579 3245 773 3313 Cicszlrowioo
788 3237 920 3303 ibidem
963 3239 967 3246 “

496 3332 554 3414 (¹⁴)
576 3332 739 3398 Jaioorziio
754 3321 925 3410 oppidum,
939 3313 1074 3382 ibidem.
1331 3349 1334 3354 -

497 3419 557 3499 (¹⁵)
579 3414 710 3493 Podleta
721 3411 757 3475 in
771 3407 908 3490 antiqua
922 3402 1017 3470 Creo.
1034 3395 1168 3462 civitate
1183 3388 1218 3456 in
1233 3381 1386 3455 confiniis
1401 3380 1551 3450 Prusiae.

496 3502 554 3583 (¹⁶)
576 3495 747 3579 zamcici
760 3493 795 3557 in
809 3491 877 3557 anti
902 3510 946 3551 uo
969 3485 1065 3553 Crac.
1088 3476 1279 3571 palatinatu,
1307 3469 1455 3558 regionis
1471 3487 1551 3533 vero
1567 3455 1807 3532 (lzohovensist
1828 3451 1931 3522 hodie
1958 3469 2061 3538 paro·
2203 3485 2205 3490 ,

331 3645 345 3661 ,
392 3587 486 3654 chiae
504 3580 725 3663 Chelinensis,
742 3576 868 3652 villain
918 3569 1035 3636 ellioia.

497 3671 554 3753 (Π)
577 3668 792 3763 Pnaaeozoay
807 3659 886 3724 villa
899 3654 1048 3744 regionis
1061 3640 1349 3722 Proszoviosnsis,
1390 3633 1542 3702 arochiae
1556 3624 1803 3696 Zielenioensis.

499 3758 556 3836 (¹⁸)
580 3753 696 3822 Ostrea
711 3768 860 3835 regionis
873 3735 1152 3810 Proszoviosnsis
1167 3725 1345 3817 parochiae
1399 3714 1654 3786 ’edznoviensia

499 3841 557 3922 (¹⁹)
575 3839 661 3905 Vide
679 3857 779 3920 snpra
793 3827 1003 3917 privilegium
1018 3823 1061 3888 ad
1083 3839 1202 3884 annum
1217 3813 1311 3880 1234.

496 3923 555 4005 (²⁰)
577 3921 715 3991 Plecliow
728 3916 807 4004 villa
820 3912 969 4002 regionis
985 3909 1272 3979 Proszovioensis,
1286 3889 1464 3979 parochiae
1479 3905 1561 3953 vero
1577 3877 1882 3953 Gorzkowicensis.

500 4009 558 4088 (²¹¹)
580 4007 752 4075 anania
765 3992 1047 4065 villamonasterii
1060 3985 1199 4076 propria
1213 3976 1463 4048 adBoohniam.
1541 4049 1544 4056 Ι
2006 3965 2008 3973 ⁴

498 4091 556 4174 (¹⁹)
577 4092 743 4181 Eoponlca,
760 4086 893 4169 quinam
906 4081 1002 4146 locus
1018 4076 1062 4142 sit
1075 4074 1130 4138 hio
1145 4068 1322 4146 indicatus,
1335 4081 1465 4125 meeum
1479 4057 1552 4143 ipse
1569 4051 1695 4134 dnbit03
1710 4047 1820 4112 villani
1835 4042 1983 4111 e’usdem
1997 4060 2060 4107 no·

396 4178 492 4241 minis
509 4177 663 4262 periisse,
685 4168 864 4237 verisimile
880 4176 942 4232 est.
958 4158 1114 4229 Nonnulli
1129 4151 1261 4240 quidem
1275 4155 1403 4233 putant,
1424 4142 1477 4209 Lo
1503 4139 1620 4205 ankam
1635 4145 1787 4203 nostram
1798 4153 1839 4197 eo
1851 4069 1936 4195 loeo
1953 4148 2060 4211 qnon-
2131 4133 2138 4148 ’

337 4331 342 4336 ,
398 4259 471 4324 dam
486 4259 630 4326 locatam
643 4257 759 4338 fuisse,
776 4275 842 4337 quo
856 4250 956 4316 hodie
982 4245 1157 4323 Wieliozto,
1172 4235 1255 4305 illud
1267 4228 1466 4319 MagnumS
1514 4223 1638 4292 veteris
1654 4215 1826 4319 Poloniae‚
1840 4212 2015 4283 invenitur.

501 4345 558 4426 (²³)
581 4341 739 4432 Przycirlti
753 4360 820 4403 non
834 4332 954 4421 procul
968 4355 988 4395 a
1000 4326 1162 4397 Boohnia.

500 4429 558 4510 (²⁴)
579 4427 725 4516 Moyiliro
739 4423 871 4508 quinam
885 4418 996 4484 locus?
1018 4410 1195 4479 nescimus.

499 4512 557 4594 (²⁵)
579 4513 736 4579 Krzoozow
750 4529 818 4573 non
827 4497 1143 4604 proculaBoolmi'o.
1294 4551 1297 4556 .

500 4597 559 4679 (²⁶)
585 4595 741 4661 Wisaairz
757 4589 916 4677 oppidum
931 4579 1141 4674 Boohnensis
1158 4570 1330 4641 territorii.
1374 4593 1379 4606 ·

501 4680 559 4765 (Μ)
582 4678 728 4764 Claram
742 4698 811 4741 non
825 4667 944 4758 procul
958 4668 999 4732 ab
1016 4688 1035 4730 o
1061 4661 1141 4748 pido
1161 4658 1326 4725 Wiaziii'cz.

499 4766 559 4849 (²⁰)
579 4763 754 4848 Doluotpoe
768 4757 846 4824 villa
860 4755 902 4824 ad
915 4754 1006 4820 bona
1051 4743 1233 4814 isnioensia
1246 4737 1428 4825 pertinens.
