5409 6309
1359 855 1677 932 .—424-

717 1062 824 1147 inira
846 1075 1022 1147 octauas
1046 1058 1225 1171 epifania
1247 1058 1344 1173 (sic)
1375 1060 1543 1164 domini,
1574 1086 1686 1144 anno
1704 1056 1880 1141 'domini
1915 1055 2131 1141 millesimo
2168 1055 2369 1167 quadrin-

717 1183 951 1297 gentesimo
975 1181 1303 1292 quadragesimo
1327 1179 1486 1289 quinto.

1465 1620 1637 1738 CCXV.

828 1877 1258 1965 Ormoviue-rt
1285 1878 1355 1964 1²
1380 1877 1578 1963 measa
1600 1872 2085 1962 Novembrium
2102 1825 2267 1959 urano

709 2063 944 2173 'oannes
965 2098 1003 2172 te
1035 2101 1154 2220 Tacape
1176 2099 1305 2189 oroupet
1325 2097 1554 2171 ministrati
1570 2097 1687 2171 nicola
1701 2098 1848 2187 seraphin
1868 2095 2015 2170 uinitori
2028 2094 2376 2186 turonensium,-

934 2257 938 2266 .
1080 2203 1163 2294 perii,
1178 2204 1230 2336 qui
1243 2221 1315 2275 rora
1331 2201 1478 2276 exstitit
1469 2221 1501 2276 u
1514 2202 1668 2277 uirentia
1685 2203 1825 2283 iuuetis
1838 2202 1950 2274 neruis
1967 2203 2018 2284 (¹)

762 2483 765 2488 ,
821 2411 1022 2499 Nicolaus
1043 2409 1299 2520 Pyeoyoaselc
1336 2412 1388 2495 de
1430 2409 1639 2496 Vittour'cze
1676 2409 2018 2494 Suoeamerarius
2048 2419 2093 2493 et
2114 2408 2373 2517 Oapitaneus

702 2533 1018 2621 .Oraeouiensis
1054 2543 1199 2614 tenore
1220 2532 1483 2643 presencium
1516 2531 1670 2643 quibus
1693 2530 1863 2641 expedit
1885 2528 2187 2643 Signifioamus
2209 2530 2376 2613 uniuer-

721 2655 783 2736 ois
808 2648 997 2753 Qualiter
1017 2648 1274 2761 Magnificus
1296 2652 1488 2735 dominus
1526 2649 1747 2736 Johannes
1769 2652 1821 2733 de
1845 2649 2041 2734 Ttaneziu
2076 2659 2256 2761 protunc
2284 2650 2374 2759 pal·

719 2772 875 2856 latinus
897 2770 1206 2874 Crotoniensis,
1227 2781 1444 2853 strenuum
1464 2768 1914 2880 Nicolaumsseraphin
1936 2765 2194 2855 Gladiferum
2214 2766 2375 2854 Orato-

720 2893 908 2975 uiensem
930 2889 984 3003 (²)
1008 2887 1120 2974 Salis
1141 2891 1361 3001 utriusque
1379 2899 1421 2971 et
1442 2889 1593 3004 Russie
1614 2884 1875 2999 Zupparium
1896 2916 2023 2998 super
2043 2888 2189 2973 feriam
2210 2898 2377 2990 sextam

719 3012 763 3098 in
785 3011 968 3096 erastino
990 3017 1141 3093 octavo
1163 3012 1348 3118 eorporis
1372 3008 1530 3096 Christi
1550 3035 1660 3093 anno
1678 3009 1832 3092 domini
1848 3008 2067 3096 Millesimo
2089 3007 2376 3119 quadringen-

720 3130 869 3215 tesimo
891 3129 1246 3241 quinquagesimo
1269 3138 1435 3233 octau0,
1457 3131 1510 3229 de
1531 3128 1705 3239 speciali
1736 3130 1918 3218 comissa
1953 3128 2090 3241 Regie
2129 3127 2375 3213 Serenitatis

721 3259 770 3333 ut
786 3250 998 3334 iudicatus
1019 3248 1181 3352 fuisset,
1203 3249 1258 3331 ad
1272 3248 1481 3357 judicium
1501 3259 1716 3334 castrense
1737 3251 2006 3334 cracoviense
2029 3250 2268 3352 eittauerat‚
2300 3275 2377 3360 pro

725 3394 787 3454 eo:
821 3370 923 3477 quia
942 3370 1033 3478 ipse
1056 3369 1248 3454 dominus
1285 3367 1526 3478 Zupparius
1561 3378 1792 3478 prouentus
1827 3395 1928 3453 suos
1964 3369 2054 3452 sibi·
2080 3369 2375 3481 prouenientes

721 3487 893 3572 retinuit
913 3498 955 3571 et
976 3515 1060 3572 non
1081 3487 1206 3572 soluit
1227 3488 1282 3571 ad
1304 3490 1503 3573 terminos
1528 3488 1646 3571 etad
1667 3500 1852 3600 quatuor
1872 3499 2064 3601 tempora
2098 3491 2185 3572 iam
2215 3496 2377 3574 transa-

724 3618 796 3692 ota
813 3618 939 3717 prout
958 3608 1037 3692 sibi
1061 3607 1223 3692 soluere
1259 3607 1407 3694 debuit
1428 3617 1471 3689 et
1490 3618 1556 3694 est
1577 3607 1789 3722 obligatus
1824 3612 1869 3693 in
1904 3635 2069 3692 summa
2102 3608 2377 3694 ducentarum

723 3755 961 3812 marearum
983 3738 1025 3810 et
1043 3727 1086 3808 in
1106 3728 1281 3813 totidem
1301 3730 1439 3838 ipsum
1463 3726 1784 3837 dampnifioauit
1796 3728 1917 3813 iuxta
1938 3727 2219 3814 Oittacionem
2239 3724 2377 3827 Quem

724 3848 949 3930 terminum
972 3845 1121 3930 eadem
1143 3848 1209 3938 die
1229 3845 1394 3931 inacta
1415 3845 1661 3931 Castrensis
1681 3849 1944 3932 inducentes.
1967 3847 2069 3933 ulios
2091 3850 2294 3933 terminos
2313 3851 2381 3934 iu·

725 3974 800 4049 xta
820 3961 1005 4050 debitam
1026 3964 1203 4052 formam
1226 3977 1268 4050 et
1286 3993 1558 4076 progressum
1579 3963 1695 4052 Juris
1728 3991 1863 4076 usque
1886 3968 1943 4052 ad
1962 3970 2186 4052 terminum
2215 3996 2379 4077 perem-

724 4084 909 4193 ptorium
928 4086 1304 4197 prosequebantur.
1327 4085 1499 4170 iuridiee
1523 4086 1658 4169 donee
1695 4086 1797 4171 feria
1834 4099 1987 4197 quarta
2021 4090 2114 4197 ipso
2149 4085 2219 4178 ,die
2240 4090 2379 4173 saneti

725 4203 858 4288 Marci
878 4233 988 4294 anno
1009 4205 1251 4303 immediate
1272 4206 1471 4316 sequenti
1491 4204 1679 4316 prefatus
1702 4207 1894 4292 dominus
1930 4205 1961 4291 J
1963 4208 2151 4294 ohannes
2173 4207 2226 4291 de
2248 4209 2381 4318 Thau·

726 4323 809 4407 cain
828 4326 911 4407 iam
933 4336 1035 4408 tuno
1059 4324 1325 4410 Castellanus
1348 4323 1644 4409 Oracouiensis
1667 4326 1785 4440 (³)in
1817 4327 1967 4412 eodem
2002 4329 2178 4413 termino
2214 4329 2389 4440 perem·'

725 4442 831 4527 torio
851 4471 928 4554 pro
951 4447 1160 4529 contentis
1188 4444 1232 4528 in
1252 4444 1480 4529 eittaoione
1513 4447 1693 4531 eundem
1730 4446 1945 4534 dominum
1981 4445 2243 4559 Zupparium
2279 4475 2392 4536 oon·

831 4679 869 4759 (¹)
892 4677 944 4745 Ex
961 4677 1111 4765 originali
1124 4678 1211 4765 apud
1226 4679 1409 4768 Josephum
1423 4679 1654 4748 Rusieocium
1645 4703 1678 4747 ιιι
1695 4680 1833 4749 Podalia
1859 4691 2038 4761 asservato,
2066 4680 2243 4769 descripsit
2269 4681 2382 4748 Muca-

728 4761 863 4829 kowski
889 4759 948 4851 sig
949 4764 1038 4830 illurn
1053 4763 1155 4830 deest.

832 4847 875 4930 Ρ)
898 4790 986 4915 [dgenr
1000 4850 1166 4918 Nicolaus
1183 4849 1223 4915 de
1239 4869 1303 4936 quo
1317 4852 1383 4937 jam
1398 4851 1457 4917 sub
1472 4873 1500 4914 a.
1519 4852 1650 4917 1450111
1664 4852 1775 4918 tabula
1789 4851 1885 4939 hujus
1900 4855 1993 4919 tomi.
2086 4901 2094 4913 .

832 4935 870 5013 (³)
893 4936 960 5021 Ap
975 4935 1230 5002 Niesieociuml
1247 4959 1278 5002 c
1294 4934 1941 5007 ioanneshiomortuuseetanuo1459
1962 4935 2128 5005 Palatinus
2151 4936 2383 5014 cracoviensis,

729 5016 816 5101 quod
832 5019 990 5102 ridemus,
1009 5022 1126 5089 falsum
1140 5030 1201 5087 est
