5409 6309
1058 834 1332 907 -475-

369 1035 518 1122 eodem
557 1034 752 1120 theloneo
790 1034 1012 1142 inscriptos
1052 1033 1216 1119 soluere
1259 1034 1428 1119 debent.
1488 1035 1595 1120 Item
1625 1036 1660 1119 si
1690 1038 1915 1148 eontigerit
1944 1036 2007 1119 in-

366 1166 434 1241 tra
463 1156 653 1266 spacium
681 1155 965 1264 predictorum
995 1153 1120 1235 trium
1151 1182 1367 1259 annorum,
1400 1155 1516 1265 quod
1536 1155 1747 1240 meliorem
1766 1156 1897 1265 ipsius
1917 1156 2012 1240 the-

361 1275 476 1361 sslonei
506 1273 793 1372 condicionem
834 1270 1082 1356 faceremus.
1115 1297 1198 1380 que
1231 1301 1400 1358 cursum
1441 1274 1530 1356 eius
1559 1274 1806 1359 modernum
1837 1300 2010 1385 supera·

366 1404 433 1478 ret
460 1395 654 1497 utilitate,
702 1392 850 1475 licebit
894 1417 1066 1504 quoque
1104 1392 1227 1476 nobis
1257 1394 1371 1477 hunc
1402 1401 1664 1477 contractum
1694 1391 1941 1506 infringere,
1971 1407 2016 1480 et

368 1512 505 1598 denuo
537 1516 661 1598 aliam
691 1511 902 1596 meliorem
934 1511 1223 1596 condicionem
1263 1541 1391 1622 super
1420 1513 1511 1620 ipso
1542 1513 1736 1597 theloneo
1768 1511 1905 1598 faeere
1936 1543 2013 1625 pro

368 1643 511 1717 nostra
541 1633 726 1717 utilitate
757 1632 955 1734 cumeis,
987 1629 1055 1714 vel
1086 1658 1346 1743 quocunque
1379 1631 1471 1715 alio.
1531 1630 1729 1716 Preterea
1754 1629 2015 1719 absoluimus

326 1793 332 1805 =
366 1750 480 1861 ipsos
511 1753 820 1836 theloneatores
858 1760 1022 1835 nostros
1057 1758 1098 1831 et
1126 1747 1321 1840 factores.
1362 1778 1439 1834 seu
1480 1750 1678 1835 familiam
1716 1749 1902 1856 ipsorum
1932 1754 2012 1839 sub
2112 1745 2125 1768 ⁹

367 1898 417 1956 eo
450 1879 650 1982 tempore.
684 1897 769 1979 quo
799 1873 842 1953 in
872 1870 964 1978 ipso
995 1868 1134 1954 officio
1166 1879 1299 1954 erunt.
1331 1870 1386 1954 ab
1409 1873 1521 1954 omni
1534 1868 1810 1978 jurisdicione
1831 1870 2015 1956 omnium

364 1989 506 2103 Regni
536 1990 666 2075 nostri
703 1989 999 2089 Palatinorum,
1039 1987 1390 2095 Castollanorum,
1430 1989 1770 2100 Capitoneorum
1801 1987 2014 2094 andnam,

368 2108 646 2220 Subjudicum
677 2119 720 2192 et
750 2135 1099 2221 quorumcunque
1123 2104 1376 2192 officialium.
1399 2138 1450 2191 ac
1473 2137 1615 2193 eorum
1641 2109 2013 2219 viceagereneium.

365 2227 618 2313 Mandantes
650 2229 856 2332 omnibus,
885 2256 939 2310 ne
970 2228 1159 2310 audeant
1190 2254 1261 2312 eos
1291 2255 1368 2336 pro
1401 2226 1731 2339 quibuscunque
1762 2228 1901 2312 causis
1924 2252 2014 2310 ma-

364 2352 460 2460 gnis
491 2358 535 2432 et
564 2348 706 2462 paruis
736 2347 934 2431 iudicare.
997 2344 1167 2429 Judicio
1208 2345 1413 2430 duntaxat
1447 2359 1590 2432 nostro
1623 2346 1828 2458 ejusmodj
1859 2351 2013 2430 causas
2087 2445 2091 2462 ⁸

363 2493 638 2551 reseruamus.
697 2467 749 2550 Iu
780 2466 899 2575 cujus
936 2467 996 2547 rei
1040 2465 1325 2549 testimonium
1364 2465 1578 2575 signatum
1615 2479 1805 2551 nostrum
1842 2491 2016 2576 presen-

364 2587 476 2673 tibus
509 2596 573 2670 est
602 2613 851 2695 appensum.
911 2584 1071 2668 Datum
1102 2585 1145 2666 in
1176 2581 1324 2666 Lubb'n
1353 2582 1458 2668 feria
1489 2587 1639 2699 quinta
1666 2586 1710 2670 in
1740 2587 1922 2670 crastino
1953 2583 2016 2668 fe·

315 2768 318 2781 .
362 2706 418 2789 sti
448 2706 585 2790 saneti
614 2705 780 2790 Martini
811 2731 920 2788 anno
953 2702 1106 2786 domini
1138 2702 1354 2787 millesimo
1377 2705 1802 2820 quadringentesimo
1825 2732 2016 2817 nonage-

364 2827 468 2912 simo
501 2827 660 2936 quinto.
721 2823 861 2935 Regni
891 2824 1022 2907 nostri
1053 2850 1164 2906 anno
1197 2835 1361 2929 quarto.

1364 3027 1627 3143 Commissio⁹
1643 3059 1811 3170 propria

1459 3177 1615 3262 domini
1644 3178 1793 3296 Regis·

749 3667 773 3750 t
1040 3616 1357 3735 ccxxxviii.

653 3873 1013 3964 cracoviae·
1024 3873 1116 3957 (tic
1141 3872 1204 3960 12
1229 3874 1372 3979 Man
1397 3873 1547 3963 1498
1573 3895 1741 3964 anno.

364 4101 590 4173 loannes
613 4093 854 4170 Albai-tus
874 4112 938 4185 rex.
959 4094 1307 4279 ’fflffioffim
1320 4096 1422 4188 magn
1433 4095 1541 4189 oppido
1551 4096 1634 4171 dicto
1646 4096 1787 4168 Soanos
1805 4095 1920 4187 datm
1941 4115 2013 4176 m.

1167 4215 1187 4270 a
1269 4245 1277 4263 .

467 4409 518 4493 In
537 4409 705 4494 nomine
727 4406 881 4492 domini
901 4423 1034 4488 amen.
1073 4402 1143 4488 Ad
1163 4414 1407 4514 perpetuam
1429 4410 1488 4492 rei
1508 4409 1762 4493 memoriam.
1808 4405 2009 4492 Actiones

364 4528 528 4641 singule
547 4530 655 4610 inter
675 4525 869 4611 mortales
892 4535 1025 4637 geste,
1058 4533 1101 4606 et
1119 4524 1320 4634 precipue
1357 4554 1441 4638 que
1476 4528 1716 4640 Principum
1753 4527 2008 4613 auctoritate

363 4649 481 4752 fiunt,
503 4653 809 4731 consueverunt
823 4645 1038 4730 literarum
1059 4640 1250 4755 apicibus
1282 4655 1325 4728 et
1344 4645 1572 4757 sigillorum
1594 4648 1900 4733 autenticorum
1919 4675 2013 4732 mu·

392 4911 397 4922 ·
470 4885 507 4966 (¹)
529 4881 567 4947 In
582 4888 785 4965 transumpto
800 4879 863 4945 hoc
879 4877 1016 4948 ioannis
1031 4876 1159 4945 Alberti
1174 4876 1382 4965 privilegium
1396 4827 1652 4968 regis'casimiri
1676 4881 1826 4970 legimus,
1852 4902 1949 4967 quem
1963 4880 2012 4946 le·

365 4991 425 5055 gas
441 4992 516 5060 pag.
533 4971 593 5033 itt
612 4966 708 5051 hujus
724 4965 814 5032 tomi.

1749 5069 1809 5137 60*
