5409 6309
1058 834 1232 922 -dli
1287 874 1335 892 -·

372 1036 534 1124 numeri
555 1044 599 1119 et
617 1033 817 1146 ponderis
837 1036 1093 1146 polonicalis,
1113 1048 1162 1128 vt
1179 1050 1325 1128 autem
1345 1067 1398 1124 ex
1416 1038 1603 1150 predicte
1624 1038 1729 1126 silue
1747 1042 2019 1153 exstirpacio·

371 1185 425 1246 ne
444 1155 567 1243 nobis
588 1184 662 1242 seu
683 1155 999 1242 successorihus
1019 1162 1171 1244 nostris
1187 1159 1623 1269 fructus'proueniant
1640 1161 1908 1245 concedimus
1924 1191 2020 1273 pre-

372 1276 487 1363 dicto
508 1285 625 1387 petro
648 1284 690 1358 et
708 1275 795 1358 suis
817 1274 1042 1366 heredibus
1076 1278 1244 1364 locandi
1271 1304 1439 1364 mansos
1461 1286 1506 1359 et
1526 1280 1793 1364 mensurandi
1815 1284 2020 1367 omnimo·

371 1395 471 1479 dam
490 1404 743 1505 potestatem
766 1420 850 1504 que
869 1394 970 1479 villa
989 1395 1167 1482 habebit
1187 1406 1399 1511 quotquot
1412 1394 1553 1507 plures
1569 1396 1707 1480 fecere
1728 1401 1893 1510 possint
1912 1399 2018 1486 dure

371 1542 425 1602 ac
444 1515 571 1600 modo
590 1513 832 1602 franconico
853 1513 1008 1623 Inque
1028 1516 1128 1599 villa
1150 1517 1295 1601 damus
1310 1517 1500 1628 predicto
1516 1515 1643 1601 Petro
1664 1526 1708 1599 et
1726 1520 1813 1604 suis
1835 1518 2018 1605 Succes-

371 1632 535 1721 soribus
555 1633 771 1745 legittimis
794 1632 898 1717 duos
919 1660 1089 1722 mansos
1109 1634 1261 1720 liberos
1295 1644 1477 1749 quatuor
1506 1634 1774 1720 residuitetes
1793 1638 2020 1749 vulgariter

371 1753 571 1840 abschari
590 1754 644 1865 (ὃ)
668 1761 870 1866 quartuor
900 1751 997 1864 (sic)
1027 1763 1139 1838 ortos
1176 1754 1281 1838 duas
1312 1753 1563 1838 Thabernas
1600 1781 1697 1837 cum
1730 1753 1895 1838 duobus
1928 1758 2021 1844 Mo·

370 1872 548 1958 lendinis
568 1873 750 1982 piscinas
785 1870 936 1954 liberas
969 1882 1180 1985 quotquot
1213 1874 1304 1958 fieri
1338 1881 1519 1983 possunt
1550 1901 1602 1956 ex
1617 1873 1736 1958 omni
1770 1882 1888 1982 parte
1924 1878 2017 1962 ville

372 2000 497 2103 prata
515 2019 679 2104 pascua
697 1988 849 2074 rubeta
867 1987 1121 2074 Maccellum
1142 1994 1330 2076 carnium
1345 1993 1535 2076 Mensam
1557 2019 1714 2101 panum
1737 1991 1936 2079 Sutorum
1953 1993 2018 2080 fa·

370 2112 541 2197 brorum
560 2111 693 2195 libera
714 2106 900 2225 (liberet)
921 2117 1122 2219 perpetue
1145 2139 1196 2193 ao
1213 2110 1319 2195 dure
1335 2111 1585 2196 hereditario
1607 2112 1843 2198 omnimode
1859 2111 2022 2199 haben·

372 2232 473 2315 dum
508 2231 735 2314 tenendum
770 2228 1071 2339 possidendum
1113 2230 1458 2315 commutandum
1492 2229 1761 2314 vendendum
1781 2258 1857 2342 pro
1879 2257 1958 2317 sua
1978 2243 2021 2316 et

370 2377 541 2435 suorum
561 2361 775 2460 posterum
795 2347 1013 2434 voluntate
1050 2350 1380 2434 conuertendum
1401 2356 1448 2434 vt
1468 2376 1547 2432 sua
1567 2357 1610 2431 et
1630 2375 1801 2434 suorum
1821 2350 2020 2438 volentes

372 2469 522 2556 melius
555 2470 791 2553 decreuerit
809 2468 890 2552 Pro
911 2465 1106 2551 Ecclesia
1140 2496 1240 2553 vero
1276 2468 1434 2553 ibidem
1470 2467 1667 2553 sitienda
1700 2468 1858 2556 ibidem
1892 2500 2020 2556 vnum

370 2614 564 2672 mansum
588 2597 630 2671 et
649 2617 778 2672 vnum
800 2594 936 2671 ortum
958 2597 1001 2670 et
1022 2585 1150 2671 alium
1170 2614 1246 2697 pro
1267 2588 1460 2698 pellendo
1482 2616 1616 2700 grege
1654 2586 1759 2672 alies
1792 2589 2022 2676 Scolbuiczu

371 2707 497 2791 libere
520 2707 800 2819 assignamus,
834 2705 983 2789 damus
1005 2705 1137 2809 eciam
1159 2708 1350 2817 predicto
1371 2717 1513 2793 nostro
1537 2706 1723 2793 Scolteto
1746 2705 1922 2794 Sextum
1946 2712 2020 2794 de-

371 2828 533 2910 narium
554 2853 707 2912 census
729 2825 782 2911 ab
806 2837 902 2909 octo
925 2824 1064 2910 Scotis
1096 2833 1139 2906 et
1172 2826 1224 2909 de
1255 2827 1368 2910 omni
1396 2855 1442 2910 re
1474 2825 1682 2910 «Iudicate
1703 2834 1791 2910 tum
1812 2828 1854 2909 in
1876 2832 2020 2936 paruis
2119 2841 2122 2848 '

310 3027 318 3038 ,
369 2971 500 3055 quam
536 2945 578 3027 in
613 2946 779 3057 maguis
809 2944 975 3054 iudicijs
1007 2945 1142 3026 eciam
1174 2943 1391 3027 denarium
1424 2946 1600 3028 tercium
1637 2943 1802 3028 duobus
1840 2945 2021 3058 denarijs

372 3063 592 3147 dumtaxat
611 3091 687 3172 pro
709 3062 831 3147 nobis
850 3061 1089 3164 reseruatis‚
1109 3060 1255 3146 licebit
1278 3063 1410 3146 eciam
1442 3063 1633 3173 predicto
1669 3070 1812 3180 nostro
1835 3061 2038 3151 Scolteto·

369 3179 525 3291 piscari
551 3183 695 3266 venari
727 3181 928 3291 aucupari
958 3183 1002 3263 in
1025 3182 1218 3267 omnibus
1240 3209 1316 3293 pro
1338 3209 1420 3266 sua
1439 3181 1621 3266 vtilitate
1640 3180 1750 3266 infra
1769 3181 1920 3265 limites
1943 3209 2022 3268 sue

370 3300 615 3385 hereditatis
636 3300 853 3385 mellificis
873 3299 1068 3386 faciendo
1090 3330 1176 3413 que
1198 3303 1338 3387 omnia
1360 3309 1403 3385 et
1423 3301 1592 3414 singula
1622 3301 1705 3412 ipsi
1733 3302 1924 3412 predicto
1946 3330 2022 3388 no·

371 3431 458 3505 stro
476 3419 662 3505 Scolteto
685 3420 843 3505 debent
865 3420 1110 3504 esselibera
1131 3421 1248 3505 stab
1271 3422 1383 3506 omni
1403 3448 1505 3505 vera
1525 3420 1737 3506 solucione
1760 3430 1957 3530 exempta
1979 3432 2023 3507 et
2120 3477 2126 3486 -

371 3539 566 3624 absoluta
585 3538 856 3623 Absoluimus
879 3541 1011 3625 eciam
1036 3549 1079 3624 et
1098 3548 1300 3650 perpetuo
1334 3540 1561 3624 liberamus
1596 3547 1834 3647 pretectum
1856 3539 2019 3626 Scolte-

371 3670 461 3742 tum
482 3673 524 3741 et
543 3656 851 3756 inhabitatores
869 3659 965 3743 ‘ville
987 3661 1201 3745 nominate
1224 3658 1278 3742 ab
1301 3660 1496 3744 omnibus
1518 3656 1744 3742 Judieibus
1773 3657 1954 3771 dudicijs
1979 3669 2022 3743 et

370 3776 653 3888 potestatibus
677 3780 859 3861 omnium
881 3775 1083 3862 Judicum
1116 3774 1370 3862 Officialium
1409 3778 1749 3890 quibuscumque
1780 3779 2020 3864 nominibus

347 3961 350 3966 -
372 3906 625 3981 censeantur
645 3896 712 3979 Ita
733 3896 847 4008 quod
870 3924 1010 3982 eoram
1034 3900 1091 3982 eis
1113 3895 1183 3980 uel
1205 3896 1346 4005 aliquo
1371 3925 1512 3982 eorum
1530 3895 1647 3980 citati
1661 3896 1831 3979 minime
1845 3923 2021 4008 respon-

374 4014 535 4098 debunt
552 4014 813 4099 Kmethones
845 4026 887 4099 et
908 4015 1050 4102 Incole
1072 4042 1213 4100 coram
1245 4017 1430 4126 ipsorum
1463 4015 1650 4101 Scolteto
1683 4013 1898 4099 Scoltetus
1920 4044 2020 4102 vero

374 4162 515 4220 coram
537 4135 658 4219 nobis
679 4135 747 4217 uel
769 4136 922 4219 nostris
960 4133 1287 4221 Successoribus
1325 4136 1423 4218 dese
1461 4134 1784 4244 querulantibus
1819 4161 1903 4217 nou
1938 4134 2019 4219 elio
2127 4158 2133 4168 ·

372 4254 451 4335 nisi
471 4281 547 4338 suo
569 4252 673 4337 dure
695 4253 968 4340 Theutunico·
985 4253 1317 4367 Maydburgensi
1336 4254 1654 4363 respondebunt
1667 4253 1860 4337 lrlcausis
1876 4260 2020 4336 autem

374 4371 669 4457 Criminalibus
691 4384 734 4454 et
755 4373 1019 4483 Capitalibus
1041 4375 1231 4485 predicto
1251 4384 1394 4459 nostro
1427 4372 1613 4460 Scolteto
1649 4369 1879 4454 dudicandi
1913 4369 2019 4455 Sen-

373 4492 587 4575 teneiandi
607 4492 808 4601 puniendi
847 4503 888 4575 et
909 4494 1248 4606 condempnandi
1268 4495 1436 4605 plenam
1459 4500 1502 4576 et
1521 4490 1802 4576 omnimodam
1824 4489 2021 4575 concedi-²
2128 4500 2133 4510 “

374 4637 467 4694 mus
488 4607 733 4694 facultatem
752 4620 878 4718 prout
897 4614 1036 4722 ipsum
1057 4613 1137 4698 dus
1159 4613 1477 4697 Theutunioum
1497 4612 1538 4693 in
1560 4611 1645 4693 suis
1667 4609 1852 4692 articulis
1872 4619 2021 4721 postu·

373 4730 432 4814 lat
452 4738 494 4813 et
512 4729 685 4842 requirit
703 4728 900 4815 Preterea
919 4739 966 4813 vt
984 4734 1175 4840 predicta
1187 4730 1304 4816 Silua
1324 4732 1541 4818 comodius
1561 4730 1695 4841 possit
1710 4729 1928 4839 exstriperi
1941 4728 2022 4838 ipsi

478 4984 516 5062 (⁵)
539 4980 592 5047 Ed
608 4990 658 5047 est
671 4980 822 5068 polonice
833 4985 967 5072 obtemp,
984 4982 1072 5069 quod
1087 4982 1186 5050 latine
1201 5007 1337 5072 campos,
1353 5010 1457 5072 apros,
1474 4982 1651 5070 significat.

477 5101 613 5144 ΝΜ
1774 5102 1815 5166 48
