5409 6309
1036 766 1323 907 ..2⁴:31¹-

336 1016 554 1128 Laureniij
594 1014 805 1127 martyris.
865 1013 992 1100 Anno
1032 1013 1207 1101 Domini
1247 1012 1465 1131 lsrllesimo
1498 1010 1613 1102 000
1636 1018 2019 1134 quinquagesimo„

307 1126 315 1138 ’
337 1134 610 1221 Prosentibus
624 1133 711 1243 hijs
732 1129 915 1218 testibus
935 1131 1206 1243 Wijlcalrone
1229 1131 1471 1217 Oastellsno
1493 1130 1765 1242 Wysliciensi
1792 1137 2013 1227 Dobeslao

339 1251 633 1355 Oraeoviensi,
653 1251 873 1337 Clemente
896 1249 1228 1336 Sandomiriensi
1251 1246 1567 1358 Subdepiferis,
1605 1249 1816 1338 Stascone
1848 1253 2009 1342 Gracc·
2087 1335 2090 1341 .

266 1436 270 1445 .
336 1370 492 1474 riensi,
512 1368 734 1454 Abraham
756 1367 1088 1471 Sandcmiriensi
1110 1366 1414 1476 Subpincernis
1437 1376 1482 1448 et
1503 1368 1594 1452 aliis
1614 1370 1758 1454 multis
1778 1370 2009 1485 fidedignis
2117 1472 2126 1477 ι

218 1552 226 1561 ,
255 1498 264 1509 ’
336 1484 498 1571 Datum
517 1514 769 1598 permonus
789 1486 985 1571 Pribislai
1007 1486 1136 1573 Ourie
1156 1494 1300 1570 nostre
1321 1483 1487 1592 notarij.
1678 1494 1680 1497 ’
2089 1501 2092 1509 ·

736 2078 738 2083 ψ
885 2107 888 2111 J
1130 1950 1223 2064 cv.

474 2134 486 2211 fl'
564 2201 1012 2306 sanctoniae-d.
1031 2201 1106 2288 25
1122 2222 1263 2285 mess.
1282 2201 1448 2284 Junci
1462 2198 1599 2288 1351
1616 2194 1783 2287 anno.
1811 2264 1815 2273 .

340 2380 626 2492 casimirus
648 2438 786 2511 rsrsgnss⁸
802 2412 1028 2508 Pondse'rsx,
1043 2437 1149 2490 onnes
1171 2422 1205 2491 et
1224 2418 1363 2517 angulos
1384 2419 1476 2499 viles
1497 2420 1538 2492 si
1558 2373 1778 2494 nonasterium
1795 2418 1880 2495 telsl
1895 2424 2010 2498 nnis

380 2522 569 2612 pertinentes
582 2520 621 2594 is
630 2522 703 2615 jure
715 2520 854 2612 polonico
867 2520 964 2614 injus
977 2520 1166 2594 urionem
1180 2520 1256 2594 llosi
1270 2522 1344 2609 fori,
1365 2520 1448 2612 quoi
1461 2521 1607 2591 Sedete
1619 2521 1738 2612 dieitur,
1752 2524 1901 2597 uenisti
1912 2529 1965 2608 (¹).
2050 2556 2053 2561 »

439 2727 490 2810 In
508 2704 688 2811 nomine'
702 2728 860 2811 domini
881 2756 1019 2811 amen.
1084 2723 1211 2826 Quod
1241 2726 1476 2840 magnifica
1496 2726 1669 2838 Regum
1688 2737 1908 2839 magestas
1928 2757 2005 2841 pro

336 2843 517 2927 utilitate
558 2871 729 2931 suorum
770 2844 1038 2929 subditorum
1079 2844 1222 2929 facere
1264 2846 1476 2949 decreuit,
1507 2872 1593 2930 nen
1624 2846 1818 2933 inmerito
1858 2847 2007 2959 uigore

334 2963 481 3073 scripti
502 2972 546 3045 et
565 2964 805 3049 testimonio
828 2962 959 3074 digno
980 2974 1186 3074 perpetue
1207 2963 1589 3047 memoriedebeat
1609 2964 1911 3073 commendarj.
1942 2963 2009 3047 Ea

309 3091 507 3191 'propter
524 3085 704 3166 nouerit
732 3090 819 3163 tam
851 3109 1026 3190 presens
1050 3092 1142 3181 etas
1165 3108 1296 3190 quam
1331 3079 1493 3185 futura,
1530 3081 1648 3192 quod
1669 3108 1747 3165 nos
1768 3079 2009 3165 Karimirus
2113 3072 2115 3079 '

335 3196 403 3280 dei
424 3200 572 3308 grecia
593 3199 687 3283 Rex
706 3198 880 3282 Polonie
900 3227 982 3283 nec
1004 3228 1088 3287 non
1109 3210 1317 3283 terrarum
1334 3197 1592 3302 (irasceris,
1615 3197 1902 3304 Sandomirie,
1924 3196 2007 3307 Sy·

331 3315 471 3420 radie,
502 3314 723 3419 Lancicie‚
756 3315 955 3422 Ouiavie‚
984 3318 1322 3429 Pomeranieque
1355 3318 1549 3400 dominus
1571 3324 1616 3397 et
1633 3316 1777 3420 heres,
1817 3316 2005 3426 pensatis

333 3432 494 3544 (siclae
514 3435 718 3543 inspectis
741 3435 880 3547 dignis
904 3464 956 3517 ac
977 3437 1096 3523 iustis
1106 3433 1400 3547 peticionibus
1419 3460 1504 3543 que
1521 3432 1643 3522 nobis
1660 3434 1897 3546 relligiosus
1908 3431 2007 3546 (sic)
2095 3544 2096 3551 Ν

235 3564 239 3573 ’
335 3549 527 3651 dominus
549 3552 686 3638 abbas
709 3550 981 3639 Societlroslous
1000 3554 1054 3667 (Ξ)
1077 3558 1266 3659 nomine,
1286 3583 1372 3637 vna
1393 3580 1491 3634 cum
1513 3550 1712 3635 fratribus
1733 3554 1799 3635 sui
1821 3577 2007 3639 conven-

332 3677 401 3781 tus
424 3670 579 3753 ordinis
615 3668 740 3755 Beati
775 3668 999 3754 Benedicti
1035 3673 1212 3757 ecclesie
1250 3669 1410 3756 Sancte
1442 3670 1665 3783 Trinitatis
1686 3669 1930 3752 monasterii
1952 3667 2006 3747 de

332 3784 487 3871 Lissiec
508 3789 721 3872 humiliter
741 3800 786 3871 et
807 3790 960 3875 devote
989 3799 1285 3899 porrexerunt,
1305 3801 1355 3871 ut
1375 3817 1522 3899 omnes
1552 3787 1673 3871 villas
1704 3786 1893 3869 eiusdem
1914 3809 2006 3868 mo·
2046 3880 2047 3883 a

332 3908 522 4021 casterii,
545 3933 725 4016 quornm
747 3910 917 3993 nomina
937 3907 1123 4021 inferius
1147 3907 1490 4009 declarabuntur,
1524 3914 1698 4014 propter
1735 3902 2004 3988 commodum

438 4163 482 4242 (¹)
505 4161 666 4229 Tabulam
679 4163 764 4232 hanc
780 4167 961 4252 descripsit
975 4169 1048 4254 ipse
1064 4169 1279 4236 doctissimus
1294 4168 1367 4233 Leo
1380 4161 1640 4255 {Rzyszczewslsi
1658 4185 1699 4227 ex
1710 4160 1796 4226 libro
1810 4182 1909 4226 manu
1920 4162 2003 4225 scri-

332 4254 392 4330 pto
407 4244 441 4310 in
458 4246 534 4326 svo,
551 4247 663 4314 seculo
681 4247 810 4315 decimo
828 4262 923 4317 sexto
940 4253 1141 4318 concinn‘ato
1158 4258 1260 4335 (anno
1278 4254 1389 4332 1527),
1404 4251 1498 4399 cupos
1513 4245 1628 4313 titulus
1644 4264 1800 4392 septiens:
1838 4244 2003 4341 „Privile-

332 4329 389 4415 gis
401 4328 589 4398 libertatum
605 4343 638 4397 et
654 4335 904 4418 exempcionum
932 4358 1168 4402 concessarum
1185 4359 1247 4422 per
1261 4338 1308 4402 Re
1336 4344 1422 4402 eset
1466 4331 1549 4397 rinei
1575 4353 1611 4396 es
1637 4330 1687 4395 Po
1702 4350 1809 4410 omae,
1831 4326 1930 4394 bonis
1945 4348 2002 4393 ce·

232 4474 235 4481 .
332 4412 427 4481 nesii
444 4414 567 4483 Sancte
583 4416 702 4483 Crucis
717 4427 840 4487 etanta
857 4420 967 4485 omnia
982 4420 1109 4505 oppido
1125 4420 1261 4486 domini
1280 4360 1408 4487 sblsatis
1423 4418 1519 4486 Nova
1533 4352 1627 4501 slepi
1643 4414 1747 4493 dicto,
1775 4420 1911 4477 auctore
1941 4410 2001 4512 da·
2028 4422 2031 4427 '

184 4518 192 4533 ·
332 4494 420 4563 eobo
437 4496 728 4567 Sandomiriensi.”
750 4501 854 4568 Liber
869 4501 923 4566 hic
939 4525 1037 4569 manu
1053 4504 1210 4588 scriptus,
1220 4494 1277 4587 qui
1292 4504 1392 4571 habet
1408 4506 1447 4570 76
1487 4502 1614 4589 aginae,
1629 4497 1787 4648 proprius
1803 4495 2001 4596 estdoctss·

332 4582 408 4649 simi
424 4582 577 4650 casimiri
593 4583 854 4669 Stronczyrlscii‚
874 4585 980 4667 quiin
995 4585 1194 4671 colligendis
1216 4596 1284 4656 tarn
1300 4589 1451 4674 copiosis
1463 4526 1614 4654 lontibus
1630 4584 1679 4650 rei
1715 4580 1924 4667 iplomstrcae
1941 4579 2000 4645 sd-

258 4678 263 4688 ‘
328 4667 417 4767 juvit
434 4668 644 4816 potisupimum
664 4667 810 4735 editores
838 4670 990 4755 priorum
1017 4679 1182 4734 tomorum
1212 4669 1349 4737 Codicis
1366 4673 1475 4737 nostri
1492 4682 1693 4757 etmagnum
1707 4667 1792 4733 hanc
1808 4664 1853 4731 ob
1870 4686 2003 4732 cauum
2038 4754 2042 4763 ἱ

331 4760 484 4918 mentlll
503 4760 894 4923 Ssdgstdsslddtpelonica
910 4858 1087 4907 successor
1102 4835 1283 4919 Desiderii,
1300 4835 1403 4904 abbas
1418 4859 1448 4902 s.
1463 4837 1674 4904 retr-1365
1690 4856 1757 4919 qno
1773 4820 1923 4903 mortuus
1938 4842 2001 4914 est,

332 4940 470 5008 magnus
486 4921 640 4991 Casimiri
653 4923 745 5012 regis
761 4921 896 4990 amicus.
980 5004 985 5017 „
1098 4946 1103 4953 ·
1556 4950 1561 4959 ·
