5409 6309
1387 733 1673 841 ..232-

687 966 821 1076 ipsius
840 944 1083 1063 monasterii
1105 964 1150 1038 et
1168 952 1356 1064 quedam
1379 942 1632 1070 gravamina
1643 953 1695 1033 'in
1711 951 1825 1035 villis
1837 949 2151 1059 polonicalibus
2176 953 2372 1063 plerum&

688 1074 1065 1194 que-emergentia
1084 1071 1347 1158 commodius
1369 1070 1572 1153 euitanda
1593 1069 1652 1152 de
1666 1071 1761 1157 iure
1778 1070 1975 1180 polonico
1995 1072 2039 1154 iu
2058 1073 2133 1155 ius
2146 1073 2364 1159 theutuniss
2400 1072 2406 1083 “

688 1191 1129 1315 cum(si'e)transferre
1148 1192 1432 1304 dignaremur.
1457 1214 1534 1277 nos
1555 1191 1705 1297 itaque
1720 1189 1777 1273 ob
1792 1192 2081 1273 reverenciam
2099 1198 2146 1273 et
2156 1192 2377 1283 honorem·
2397 1254 2402 1262 -

592 1321 605 1411 J
687 1312 968 1400 Sanctissime
996 1306 1147 1397 Orucis
1167 1308 1208 1391 in
1230 1307 1558 1412 remediumque
1581 1314 1726 1389 nostre
1750 1335 1803 1388 ae
1823 1309 2361 1417 parentumet'predeces-

686 1458 829 1518 sorum
849 1441 1089 1515 nostrorum
1110 1426 1280 1529 salutis,
1307 1428 1518 1534 iustisque
1538 1424 1820 1532 peticionibus
1841 1417 2203 1533 predicnuomiui
2221 1427 2377 1513 abbe·

655 1552 739 1633 ‚tls
761 1560 805 1632 et
824 1547 1000 1632 fratrum
1031 1546 1094 1630 sui
1116 1552 1349 1642 conventus
1387 1533 1662 1624 favorabilius
1700 1543 1907 1645 inclinati,
1944 1570 2111 1625 exnunc
2148 1572 2294 1628 omues
2316 1556 2359 1629 et

686 1667 877 1777 singulas
899 1665 1021 1748 villas
1044 1664 1100 1745 ad
1122 1659 1273 1743 culezun
1293 1673 1463 1742 montano
1478 1658 1533 1770 (³)
1555 1661 1707 1741 sivein
1728 1659 1921 1768 Lijsso‘eoz
1941 1663 2221 1766 pertinentem
2254 1660 2356 1774 Slup

687 1786 902 1867 civitatem
939 1810 1036 1885 cum
1071 1779 1213 1863 villula
1233 1780 1316 1860 sibi
1336 1778 1569 1878 adiacenti,
1602 1804 1686 1886 que
1720 1778 1872 1887 eodem
1902 1780 2071 1859 nomine
2105 1777 2225 1889 Slupz‘
2237 1780 2358 1887 apel·

610 1960 615 1969 -
684 1903 795 1986 latur
820 1911 900 1982 etc.
921 1909 1048 2008 prout
1066 1898 1110 1976 in
1132 1898 1218 1977 suis
1239 1898 1364 1977 metis
1403 1905 1445 1975 et
1481 1895 1668 1993 terminis
1700 1892 2142 2007 circumferencialiter
2173 1924 2225 1977 ex
2247 1898 2357 1978 anti-

687 2045 773 2131 quo
809 2025 909 2100 sunt
945 2017 1143 2097 distincte
1166 2022 1209 2118 et
1227 2013 1422 2111 limitate,
1447 2013 1500 2092 de
1521 2013 1609 2093 iure
1645 2013 1841 2117 polonico
1877 2014 1921 2094 in
1956 2013 2021 2094 ius
2058 2010 2355 2097 theutunicum

655 2179 659 2191 ·
684 2133 893 2237 Novifori‚
915 2134 1033 2244 quod
1055 2129 1245 2214 Sredszlce
1265 2124 1496 2239 vulgariter
1528 2131 1692 2229 dicitur,
1723 2128 2015 2221 transferimus
2046 2140 2254 2241 perpetuo
2279 2131 2356 2214 du·

684 2262 892 2355 raturum,
913 2256 1181 2334 remouentes
1203 2249 1246 2327 iu
1268 2248 1427 2328 eisdem
1458 2247 1564 2329 villis
1597 2238 1793 2330 omnibus
1816 2249 1957 2331 omnia
1977 2248 2070 2329 iura
2090 2250 2353 2357 polonicalia,
2440 2280 2443 2285 Δ

657 2390 659 2394 “
684 2362 834 2453 modos
856 2378 900 2451 et
919 2367 1266 2471 consuetudines,
1289 2367 1489 2473 angarias
1513 2372 1556 2445 et
1577 2368 1855 2474 preaugarias
1876 2366 2117 2469 uniuersas,
2151 2392 2356 2476 quocum·
2455 2450 2462 2467 ,

607 2528 613 2533 ·
654 2483 771 2599 'que
790 2490 958 2570 nomine
979 2488 1049 2569 uel
1069 2512 1174 2569 voce
1198 2476 1403 2583 dicantur,
1441 2508 1527 2590 que·
1562 2483 1701 2590 ipsum
1732 2484 1798 2562 ius
1818 2482 2111 2566 theutonicum
2149 2485 2353 2591 impedire
2435 2574 2438 2583 ¹

560 2648 569 2661 ι
683 2615 1017 2708 consueverunt3
1049 2613 1245 2713 preterea
1277 2600 1536 2683 absolvimus
1578 2600 1818 2707 predictum
1852 2600 2065 2685 domiuum
2089 2601 2356 2687 abbatemet

687 2750 833 2808 omnes
855 2722 1004 2807 fratres
1026 2724 1092 2803 sui
1113 2726 1350 2804 conventus
1375 2728 1418 2800 et
1438 2736 1707 2799 successores
1730 2714 1935 2825 ipsorum,
1970 2745 2157 2803 necnon
2180 2718 2354 2805 Cmeto·
2462 2753 2464 2757 ·

685 2868 761 2923 nes
781 2832 1002 2925 etin'colas
1040 2866 1091 2920 ac
1126 2837 1328 2920 scultetos
1368 2837 1552 2919 omnium
1588 2834 1779 2918 villarum
1811 2834 1865 2918 ab
1889 2834 2082 2938 omnibus
2117 2836 2282 2934 iudiciis
2308 2848 2350 2918 et
2471 2866 2474 2870 ·

683 2950 1026 3043 iurisdictionibus
1047 2958 1350 3074 palatinorum,
1383 2954 1730 3055 castellanorum,
1755 2952 1968 3061 judicum,
2000 2954 2287 3058 subiudicum,
2311 2965 2355 3035 et

685 3072 928 3160 officialium
965 3100 1351 3187 quorumcumque,
1375 3081 1417 3153 et
1436 3082 1641 3181 perpetuo
1676 3068 1925 3191 liberamuS,
1960 3072 2021 3155 ita
2052 3071 2171 3182 quod
2211 3099 2354 3155 coram

683 3194 786 3305 ipsis
806 3194 876 3277 vel
897 3220 1040 3278 eorum
1062 3193 1303 3302 aliquopro
1325 3191 1465 3271 causis
1486 3191 1655 3301 magnis
1680 3200 1723 3312 et
1742 3192 1903 3298 paruis,
1919 3196 2024 3297 puta
2041 3188 2138 3273 furti
2150 3251 2159 3292 ‚
2181 3191 2356 3301 sangui-

685 3308 770 3415 nis,
805 3310 1039 3412 homicidii,
1073 3311 1277 3412 incendii,
1301 3317 1344 3389 et
1366 3308 1455 3390 aliis
1492 3308 1722 3424 univorsis,
1759 3308 1859 3388 nulli
1893 3310 2062 3416 penitus
2087 3308 2355 3391 debeantre-

685 3427 915 3536 spondere,
936 3426 1023 3508 nisi.
1039 3416 1255 3510 cmetones
1276 3426 1471 3509 villarum
1493 3452 1635 3508 coram
1658 3451 1735 3509 suo
1752 3424 1931 3529 sculteto
1948 3418 2016 3507 vel
2033 3426 2242 3510 aduocato
2264 3428 2353 3508 iure

684 3570 761 3628 suo
782 3546 1031 3630 theutonico
1053 3545 1243 3629 sredensi
1262 3542 1603 3653 respondebunt,
1639 3543 1808 3627 sculteti
1828 3571 1928 3631 vero
1950 3550 2036 3629 non
2057 3543 2260 3627 alias‘nisi
2281 3570 2354 3626 co·
2375 3592 2380 3605 .
2399 3606 2420 3651 4

683 3680 775 3747 ram'
796 3679 872 3747 suo
896 3663 1065 3753 domino
1087 3662 1266 3765 abbate,
1288 3660 1357 3745 vel
1378 3662 1512 3742 eciam
1535 3688 1675 3744 coram
1711 3660 1835 3744 nobis
1858 3662 1959 3744 dum
1978 3691 2055 3775 per
2075 3663 2258 3747 litteram
2279 3687 2355 3747 no·

685 3789 771 3863 stro
792 3771 936 3893 Regio
955 3781 1091 3891 sigillo
1113 3782 1328 3890 signatam
1351 3778 1520 3861 euocati
1550 3778 1725 3883 fuerint⁷
1766 3789 1868 3861 tuuc
1890 3778 1941 3861 de
1963 3808 2010 3863 se
2032 3776 2356 3893 querelantibus

662 3923 772 3981 ‚uon
793 3896 913 3980 aliter
933 3906 1077 3981 tamen
1091 3924 1230 4009 ¹quam
1251 3924 1327 3980 suo
1343 3896 1439 4005 jure
1460 3895 1707 3981 theutonico
1745 3897 1936 4007 superius
1959 3924 2155 4007 expresso
2176 3924 2356 4008 respon-

685 4017 786 4098 dere
807 4012 1044 4101 teneantur.
1105 4015 1306 4098 Preterea
1327 4016 1381 4096 de
1402 4024 1546 4097 nostra
1567 4015 1714 4124 gracia
1735 4016 1909 4125 speciali
1930 4042 2077 4101 omnes
2102 4025 2144 4098 et
2163 4014 2355 4124 singulas

684 4126 807 4215 uillas
828 4143 871 4216 et
891 4135 1051 4220 incolas
1089 4132 1332 4217 earumdem
1371 4160 1530 4242 apena
1551 4130 1781 4245 Zuylouun'e
1818 4162 1901 4245 que
1939 4132 2093 4216 dieitur
2122 4135 2166 4216 in
2186 4133 2352 4245 vulgari
2441 4183 2445 4187 -

668 4247 919 4363 'Zoylouunu
946 4278 1095 4337 szeszcz
1127 4250 1318 4364 yrzrbr'en'
1334 4250 1595 4334 absolvimus
1620 4252 1724 4332 etin
1745 4261 1995 4361 perpetuum
2027 4251 2275 4355 liberamus,
2296 4251 2357 4335 ita

684 4368 800 4479 quod
838 4368 1018 4457 eandem
1052 4396 1206 4485 penam
1244 4364 1471 4481 Zuqlouune
1507 4366 1647 4451 nullus
1678 4368 1988 4473 Palatinorum,
2007 4367 2361 4466 Castellanorumf

656 4682 669 4750 Ϊ
787 4699 829 4797 (⁸)
853 4698 963 4797 Caluus
995 4700 1222 4799 m⁰²²⁸2‚l¹‚⁰‘ll‘3
1249 4701 1339 4787 Lyra
1352 4703 1440 4788 ydra,
1469 4699 1545 4766 olim
1572 4702 1669 4795 etiam
1695 4702 1812 4800 Lysiae
1833 4684 2029 4793 appellatus,
2044 4701 2192 4768 eillseu
2206 4700 2355 4789 regionis
2416 4776 2423 4781 ,
2521 4787 2526 4797 ‚

684 4778 935 4881 Opotovreusrs,
959 4781 1238 4883 Sandomrrreusrs
1253 4784 1463 4883 palatinatus.
1503 4782 1626 4882 Stupiu
1637 4810 1717 4853 acca
1727 4786 1855 4867 ibidem
1869 4786 1959 4871 villo,
1971 4787 2033 4879 sub
2048 4788 2125 4877 ipsc
2139 4797 2252 4853 monte
2263 4787 2356 4873 jacet

611 4931 620 4945 ‚
684 4874 720 4932 et
733 4874 969 4935 monasterum
983 4891 1018 4937 ru
1033 4868 1305 4954 parochialium
1321 4869 1417 4934 villae
1433 4870 1609 4935 iuvenitur.
2003 4932 2006 4937 ,
2038 4898 2043 4919 1
2208 4890 2212 4919 ²
2298 4913 2302 4920 ·
