5409 6309
1079 850 1328 926 ...cs-

370 1081 446 1168 per
476 1055 669 1164 rapimur·
694 1056 740 1131 et
767 1047 941 1166 insuper
970 1048 1143 1133 aliunde
1177 1059 1267 1134 tam
1301 1037 1488 1136 hostilun
1521 1063 1654 1163 quam
1687 1035 2053 1165 molestaciobum'

369 1171 531 1266 manis
555 1168 842 1253 indesinenter
862 1165 919 1280 (¹)
955 1167 1220 1256 stimulamur
1253 1167 1379 1254 nobis
1415 1169 1544 1250 etiam
1577 1170 1721 1252 inuitis
1761 1173 1972 1283 oontmgit
1988 1184 2038 1260 vt

369 1288 527 1375 talibus
548 1286 750 1395 occupati
770 1312 890 1368 arma
909 1285 1062 1369 milicie
1084 1286 1309 1368 christiane
1331 1284 1460 1368 saluti
1478 1295 1623 1368 nostre
1644 1292 1887 1400 necassem
1905 1292 2037 1380 inter·

371 1409 473 1493 dnm
491 1406 776 1516 negligamus.
807 1402 874 1485 Ea
892 1413 1067 1513 propter
1086 1411 1351 1488 necesse-est
1380 1412 1431 1486 vt
1457 1402 1689 1486 remedium
1710 1415 1964 1515 oportuuuun
1986 1437 2038 1498 aa

370 1533 494 1633 pute
513 1549 602 1635 qua
621 1546 849 1631 possumus
879 1529 1092 1604 annuente
1114 1521 1397 1607 dominonon-
1409 1521 1600 1632 segniter
1621 1525 1841 1631 acquirere
1862 1535 2038 1637 sataga-

314 1723 317 1728 ,
370 1667 479 1726 mus
530 1640 722 1749 Ideoque
755 1665 960 1747 personas
996 1637 1309 1724 ecclesiasticas
1331 1647 1377 1720 et
1395 1639 1580 1722 maxime
1599 1639 1820 1749 religiosas
1840 1643 2036 1730 emmas

372 1760 473 1843 totis
513 1754 742 1840 affectibus
783 1755 1101 1865 amplectendas
1133 1756 1207 1866 qui
1227 1755 1516 1865 spiritualibus
1557 1757 1803 1842 oracionum
1842 1760 2040 1848 videlicet

278 1950 285 1956 .
370 1874 638 1960 summan
670 1872 971 1984 obsequiorum
1011 1873 1082 1955 dei
1122 1882 1166 1955 et
1201 1874 1377 1959 aliorum
1416 1875 1606 1974 caritatis
1647 1876 1774 1960 armis
1814 1879 2039 1985 premuniti

370 2019 448 2104 pro
468 2001 587 2076 statu
604 1991 988 2074 chrntiamtatis'et
1005 1988 1186 2074 ecclesie
1214 1990 1404 2074 fidelium
1434 2018 1609 2105 quoque
1637 1991 1763 2076 saluti
1795 2003 1944 2079 contra
1961 2024 2040 2084 ne-

371 2109 537 2222 quicias
566 2108 806 2218 spirituales
828 2118 872 2193 et
890 2107 1077 2192 hostiurn
1096 2108 1271 2193 humani
1292 2110 1461 2220 generis
1483 2109 1677 2194 incursus
1697 2111 1900 2195 dimicant
1917 2114 2039 2204 inde.

371 2226 484 2311 lesse
517 2235 732 2339 quatenus
749 2228 796 2308 in
816 2227 876 2310 eis
898 2224 1123 2336 diligentes
1143 2251 1197 2310 ea
1218 2256 1304 2338 que
1323 2226 1435 2312 forte
1452 2227 1498 2311 in
1518 2227 1642 2312 nobis
1671 2230 1885 2313 virurtum·
1906 2258 2038 2339 opera

372 2371 457 2429 uon
485 2345 692 2432 habemus
710 2373 789 2455 per
809 2345 1147 2453 compassionem
1177 2344 1368 2428 fauorem
1399 2343 1705 2456 protectionem
1728 2358 1772 2432 et
1789 2347 2040 2432 munificen-
2140 2353 2144 2360 ’

211 2457 215 2462 ”
373 2464 485 2546 ciam
514 2471 704 2548 nostram
735 2485 880 2546 eorum
913 2461 1157 2547 deuocionis
1179 2472 1223 2546 et
1241 2461 1437 2547 laborum
1470 2463 1701 2572 participes
1733 2462 1875 2550 effecti
1895 2465 2039 2553 diuino

335 2677 339 2688 Ι
373 2580 658 2668 misericordie
696 2605 851 2663 numus
883 2606 980 2662 cum
999 2580 1103 2688 ipsis
1123 2589 1170 2664 et
1187 2605 1264 2694 per
1281 2577 1587 2690 ipsos'facilius
1607 2583 1785 2692 assequi
1804 2582 2038 2672 valeamus.

371 2696 486 2781 Hinc
508 2696 712 2808 estquod
747 2697 898 2780 domus
934 2694 1264 2782 Andreouiensis
1294 2724 1414 2781 sacre
1437 2699 1793 2811 congregacionis
1814 2700 2040 2788 cenobium

289 2887 295 2892 .
322 2871 324 2875 ι
372 2810 543 2904 Ordinis
565 2814 912 2901 Cisterciensinm
932 2813 1232 2900 Oracouieusis
1255 2816 1451 2925 diJocesis
1471 2819 1515 2900 in
1534 2843 1623 2929 qua
1644 2829 1888 2902 sanctorum
1914 2845 2041 2928 erga·

372 2963 429 3017 na
447 2934 606 3045 iugiter
633 2958 834 3015 resonare
864 2942 1098 3040 noscuntur
1119 2943 1164 3015 et
1183 2934 1315 3016 diuini
1345 2934 1485 3017 cultus
1516 2935 1649 3045 vigor.
1661 2943 1705 3018 et
1724 2935 1853 3018 decor
1873 2937 1945 3018 die
1962 2961 2041 3019 no·

372 3063 533 3163 ctuque
569 3049 819 3160 diligencius
858 3059 1106 3135 exercentur
1141 3051 1290 3163 gracia
1324 3051 1500 3159 speciali
1525 3052 1728 3163 prosequi
1747 3057 1837 3134 tam
1856 3054 1903 3134 in
1921 3077 2041 3136 asse*
2199 3055 2203 3060 ’
2249 3144 2253 3152 ,

374 3168 550 3286 quenda
571 3167 761 3251 *volitete
796 3195 928 3278 quam
961 3196 1071 3279 pace
1107 3196 1254 3254 eorum
1290 3169 1586 3254 conseruanda
1604 3176 1650 3252 et
1669 3168 1787 3280 quod
1816 3169 2040 3278 prendere

260 3317 263 3324 ²
372 3287 593 3396 cupientes
608 3292 657 3368 vt
671 3293 833 3395 quanto
854 3286 1052 3398 quiecius
1067 3294 1186 3371 tanto
1209 3285 1431 3382 efficacius
1451 3287 1610 3375 ibidem
1626 3287 1796 3372 domino
1813 3282 2042 3376 famuletur
2174 3353 2177 3360 ι

374 3403 537 3492 Abbati
557 3412 601 3487 et
621 3403 850 3522 comrentui
885 3406 1127 3513 supradicte
1164 3405 1317 3490 domus
1347 3406 1404 3487 de
1423 3404 1609 3488 Andrean
1645 3432 1790 3490 coram
1827 3406 1907 3490 deo
1942 3430 2040 3516 pro·

371 3524 577 3608 mittimus
612 3522 801 3632 ipsorum
836 3522 1058 3634 priuilegia
1091 3531 1183 3606 tam
1219 3553 1246 3607 a
1272 3525 1430 3609 nostris
1476 3522 1855 3634 predecessoribus
1906 3549 2040 3634 quam

296 3707 302 3721 .
373 3671 402 3726 a
419 3640 544 3729 nobis
565 3641 775 3724 hactenus
793 3640 971 3725 obtenta
991 3652 1036 3724 et
1060 3641 1101 3724 in
1117 3639 1308 3745 firturum
1328 3642 1500 3727 domino
1523 3641 1786 3726 concedente
1809 3639 2042 3730 obtinenda

374 3764 631 3846 inconcussa
659 3765 915 3843 conseruare
936 3768 981 3844 et
998 3761 1203 3845 mandare
1234 3759 1482 3858 conseruari
1503 3767 1546 3842 et
1566 3759 1622 3841 ad
1642 3767 1821 3866 nostros·
1847 3767 2041 3868 posteros
2153 3859 2158 3869 ¹

371 3880 658 3966 uansmittere
694 3880 1000 3962 conseruando„
1052 3879 1148 3963 Hiis
1177 3879 1449 3963 nihilominus
1469 3876 1719 3985 adijcientes
1741 3886 1785 3959 et
1804 3877 1860 3963 ob
1880 3876 2043 3962 incolu-

373 3998 564 4080 mitatem
592 4002 787 4080 ·nostram
823 4005 1055 4110 nostreque
1089 3998 1285 4108 'coniugis
1322 4023 1531 4108 generose
1570 3994 2042 4105 domine-Kaneguudis

372 4115 545 4227 illustris
566 4113 701 4225 Regis
720 4111 1026 4224 Hrmgarorum
1046 4115 1131 4200 filie
1153 4143 1234 4197 nec
1254 4140 1339 4198 non
1361 4124 1407 4198 et
1420 4115 1477 4200 ob
1493 4112 1673 4197 salntem
1694 4122 2043 4198 campanarum

376 4259 506 4344 quam
541 4231 861 4343 progenitorum
896 4243 1137 4318 nostrorum
1167 4233 1400 4316 animarum
1432 4232 1587 4317 Ducali
1605 4230 1868 4342 Largicionc
1883 4232 2043 4314 decom
2142 4251 2146 4256 ·

378 4350 432 4431 de
451 4349 671 4434 voluntate
694 4358 738 4433 et
758 4376 968 4435 consensu
1003 4352 1195 4459 predicte
1232 4352 1426 4462 coniugis
1462 4357 1603 4434 nostre
1627 4357 1672 4430 et
1688 4357 1926 4431 nostrorum
1954 4344 2042 4428 Ba·

375 4493 526 4552 ronum
555 4466 775 4551 Warsonis
811 4465 1009 4549 videlicet
1044 4467 1287 4552 Oastellani.
1337 4469 1453 4552 Petri
1483 4467 1662 4577 palatini
1683 4463 1978 4551 Oracouiensis
2000 4473 2045 4549 et
2212 4563 2215 4568 Ι
2367 4575 2372 4582 g

378 4585 554 4670 aliorum
585 4583 788 4668 nobilium
803 4593 934 4665 ‘terre
969 4593 1112 4668 nostre
1148 4611 1327 4667 assensu
1347 4597 1392 4669 et
1412 4587 1727 4671 collaudacione
1758 4581 2042 4668 concedentes

372 4707 424 4800 ,vt
444 4700 568 4786 dictis
603 4697 767 4784 Abbati
802 4710 847 4783 et
883 4695 1125 4786 Conuentui
1158 4701 1301 4786 locare
1334 4702 1465 4802 liceat
1484 4712 1528 4786 et
1544 4704 1776 4789 hedificare
1812 4700 2057 4787 Ciuitatem.

482 4968 527 5050 (³)
545 4968 591 5034 Et
603 4967 638 5032 in
651 4965 848 5054 apographo
862 4967 1114 5037 Muczkowsciir
1136 4970 1355 5053 isrdssicsatcr,
1369 4963 1501 5058 legitur.
