5409 6309
1075 838 1350 912 ’419-

383 1041 687 1155 relligiosorum
710 1052 754 1125 et
772 1038 1076 1126 honorabilium
1113 1038 1272 1123 Mathis
1296 1038 1466 1124 abbatis
1502 1038 1763 1152 fratrumque
1800 1049 2034 1124 conuentus

385 1173 532 1246 sancte
553 1162 689 1244 crucis
709 1163 753 1244 in
774 1160 895 1245 caluo
916 1170 1059 1245 monte
1080 1160 1236 1245 ordinis
1258 1161 1395 1243 sancti
1431 1156 1653 1244 Benedicti
1689 1158 1939 1244 deuotorum
1959 1185 2037 1242 no·

384 1293 564 1366 strorum
597 1280 844 1365 dilectorum
879 1280 1111 1391 peticiones
1146 1281 1352 1363 instantes
1394 1279 1629 1362 maiestatis
1667 1289 1807 1364 nostre
1843 1286 2040 1391 porrecte.

386 1398 674 1501 continebant,
697 1409 906 1507 quatenus
927 1398 1046 1484 villas
1086 1409 1128 1482 et
1154 1399 1411 1481 hereditates
1438 1379 1632 1505 ipsorum
1671 1425 1754 1511 que
1786 1406 2033 1511 sequuntur.

383 1519 507 1606 Noua
528 1521 765 1630 etantiqua
786 1515 918 1628 Stupri·
942 1515 1244 1630 Coprzzjunicza,
1258 1516 1441 1629 Rzepcjn,
1461 1515 1676 1633 chpijnelc
1703 1543 1836 1626 paroc
1857 1515 1924 1631 (⁹),
1960 1514 2036 1597 Li·

378 1638 719 1750 jeuartleowmostb
735 1635 802 1750 (³),
825 1634 1047 1739 Florencio,
1065 1635 1287 1746 Bolieesyn,
1311 1636 1619 1748 Msjbjes’ouicee,
1640 1632 2036 1747 Gp'rlsmanczoar'cse,

384 1755 628 1867 Jcaocrjczc,
664 1756 908 1856 Krcszcccu,
955 1755 1242 1856 Modlz'bozicze,
1294 1755 1418 1855 Velia,
1454 1754 1723 1865 Baeszouz'jce,
1764 1755 2035 1865 Mz'jroczycze,

383 1870 583 1977 Bieliouu,
609 1871 894 1986 Conijemlotlsy,
918 1872 1193 1985 Szoijeczycze,
1217 1865 1484 1988 Thulebjancz,
1526 1873 1740 1984 Vorjelavej,
1772 1874 1816 1958 in
1846 1874 2038 1958 districtu

386 2005 431 2079 et
448 2005 560 2079 terra
582 1993 922 2095 Sandomiriensi,
942 1992 1256 2094 Pietrzet'ouicee,
1278 1992 1529 2104 Praeszuodej
1558 1993 1602 2074 in
1633 2005 1743 2075 terra
1765 2003 1808 2077 et
1843 1994 2036 2078 districtu

385 2112 702 2216 Graccouiensi,
726 2124 770 2197 et
787 2111 1119 2217 Braczieiouicze,
1144 2110 1306 2213 Glodno,
1327 2113 1545 2213 Zatrzouu,
1578 2114 1621 2196 in
1648 2121 1760 2196 terra
1781 2122 1823 2195 et
1845 2115 2038 2197 districtu

383 2233 642 2338 Lublinensi,
664 2244 706 2316 et
728 2229 920 2344 Mmjsrck
939 2233 983 2313 in
1003 2241 1116 2315 terra
1137 2231 1467 2317 Sandomiriensi
1490 2244 1533 2312 et
1554 2232 1744 2315 districtu
1765 2231 2039 2318 Radomiensi

384 2355 499 2458 sitas,
521 2354 574 2437 de
594 2355 684 2437 iure
704 2353 898 2462 polonico
917 2354 961 2436 in
980 2353 1045 2434 ius
1062 2351 1353 2435 theutunicum
1370 2351 1488 2465 quod
1501 2349 1709 2436 Sredense
1723 2351 1885 2456 dicitur,
1900 2362 2040 2435 nans·

384 2472 493 2557 ferre
515 2473 786 2584 dignaremur
807 2473 1012 2582 graciose:
1044 2470 1086 2554 N
1088 2497 1134 2555 os
1155 2471 1303 2582 itaque
1339 2470 1624 2584 peticionibus
1658 2472 1875 2581 precipuis
1897 2471 2043 2555 huius·

385 2593 498 2701 modj
520 2589 726 2705 tanquam
748 2590 868 2686 iustis
890 2591 1129 2701 benigniter
1150 2592 1359 2695 acclinati,
1385 2590 1571 2701 prefatas
1595 2618 1738 2675 eorum
1760 2591 1881 2678 villas
1903 2597 1946 2673 et
1966 2591 2043 2673 be·

298 2811 302 2820 δ
383 2713 585 2796 reditates
606 2713 798 2821 superius
821 2721 1169 2793 commemoratas
1190 2720 1316 2822 prout
1333 2713 1377 2792 in
1399 2712 1486 2794 suis
1506 2711 1640 2815 metis,
1660 2709 1862 2794 limitibus
1884 2722 1928 2796 et
1942 2739 2042 2822 gra·

383 2833 588 2934 niciebus,
607 2831 746 2939 longe,
766 2830 864 2926 late,
884 2840 927 2913 et
948 2828 1388 2913 circumferencialiter
1407 2839 1506 2912 sunt
1529 2830 1737 2934 distincte,
1761 2829 1905 2930 divise,
1930 2840 1973 2912 et
1990 2831 2040 2913 li-

383 2953 530 3035 mitate
551 2952 606 3034 ab
628 2950 733 3053 aliis,
771 2950 822 3032 de
842 2950 930 3030 iure
950 2948 1144 3058 polonico
1165 2948 1293 3030 iuius
1314 2946 1606 3031 theutunicum
1642 2949 1847 3032 eredense
1883 2949 2042 3032 dictum

383 3070 673 3154 transtulimus
694 3079 737 3148 et
757 3065 1059 3170 transferimus,
1086 3076 1230 3151 tenore
1265 3067 1533 3177 presencium
1569 3068 1795 3170 mediante,
1830 3068 2044 3177 perpetuis

383 3188 644 3299 temporibus
677 3186 935 3289 duraturum,
969 3195 1236 3270 remouentes
1272 3187 1430 3270 ibidem
1472 3186 1613 3271 omnia
1651 3188 1742 3270 iura
1783 3185 2044 3296 polonicalia,

331 3376 337 3391 .
385 3309 535 3393 modos
557 3317 601 3389 et
621 3305 948 3391 consuetudines
979 3306 1209 3409 uniuersas,
1248 3331 1333 3414 qus
1364 3306 1504 3415 ipsum
1537 3308 1603 3389 ius
1639 3306 1934 3389 theutunicum
1955 3306 2046 3416 ple·

384 3456 564 3539 rumque
585 3433 895 3525 consueuerant
913 3423 1176 3535 perturbare.
1207 3424 1440 3509 Eximimus
1456 3427 1629 3535 insuper
1650 3435 1693 3510 et
1711 3433 1918 3537 perpetuo
1938 3425 2046 3510 libe·

385 3574 530 3632 ramus
552 3572 696 3631 omnes
718 3552 762 3627 et
781 3545 970 3656 singulos
991 3546 1181 3629 uillarum
1205 3554 1247 3627 et
1267 3543 1549 3631 hereditatum
1570 3546 1854 3655 predictarum
1873 3544 2046 3631 Ometo·

273 3731 278 3742 .
388 3694 463 3750 nes
487 3673 530 3748 et
549 3666 723 3779 quosuis
744 3664 902 3749 incolas
925 3664 981 3749 ab
1003 3664 1115 3751 omni
1143 3663 1411 3747 iurisdicione
1450 3673 1492 3750 et
1511 3673 1725 3775 potestate
1764 3667 1948 3751 omnium
1984 3665 2047 3747 di·

276 3883 284 3902 ,
390 3786 665 3896 gniteriorum
685 3795 935 3888 nostrorum,
976 3784 1270 3895 palatinorum,
1314 3782 1662 3884 Castellanorum,
1704 3781 2045 3895 Capitaneornm,

267 3923 278 3943 ·
390 3902 604 4010 Judicum,
625 3903 906 4006 subiudicum,
944 3914 987 3987 et
1008 3903 1252 4012 quorumuis
1289 3902 1516 3987 oficialium
1553 3911 1597 3985 et
1625 3902 1955 3987 ministerialium
1975 3929 2047 3988 eo·

388 4024 593 4128 rumdem,
613 4034 662 4107 ut
681 4052 824 4109 coram
843 4023 947 4132 ipsis
969 4032 1044 4107 aut
1064 4043 1207 4107 eorum
1217 4022 1361 4133 aliquo
1376 4050 1453 4133 pro
1475 4022 1616 4105 causis
1631 4032 1720 4105 tam
1739 4022 1906 4134 magnis
1919 4050 2047 4134 quam

389 4142 544 4253 paruis,
564 4151 670 4254 puta
689 4142 800 4244 furti,
821 4143 1013 4246 incendii,
1034 4142 1253 4255 sanguinis
1277 4140 1490 4246 clusionis,
1511 4142 1737 4246 homicidii,
1767 4139 2047 4226 membrorum

389 4261 668 4348 mutilacionis
690 4272 732 4347 et
754 4259 976 4372 quibusuis
1000 4260 1239 4345 enormibus
1262 4259 1509 4345 excessibus
1531 4261 1667 4344 cittati
1682 4263 1850 4345 minime
1870 4286 2046 4371 respon·

392 4382 533 4486 deant,
553 4410 633 4464 nec
654 4381 818 4491 aliquas
841 4408 971 4492 penas
993 4380 1159 4464 soluere
1179 4390 1417 4486 teneantur,
1438 4381 1515 4463 sed
1534 4393 1679 4464 tamen
1701 4382 1908 4465 dictarum
1928 4378 2046 4465 villa-

390 4527 482 4585 rum
499 4511 714 4584 cmetones
736 4509 779 4583 et
801 4502 939 4612 quiuis
959 4500 1094 4584 incole
1116 4526 1259 4584 coram
1291 4502 1377 4582 suis
1408 4500 1599 4584 scultetis
1629 4528 1708 4584 seu
1728 4499 1950 4584 aduocatis
1972 4500 2046 4613 qui

496 4753 534 4836 (²)
558 4754 716 4821 Fortasse
730 4754 946 4836 Lmarbwicc,
974 4769 1055 4836 qnae
1082 4748 1162 4815 villa
1176 4750 1275 4820 estin
1290 4698 1448 4840 parocbia
1472 4718 1746 4831 Koniemlotensi,
1772 4752 1836 4819 huc
1861 4752 1961 4819 etiam
1982 4775 2049 4819 me-

391 4849 534 5025 mmet&
558 4925 682 5016 Rupis
696 4933 730 4991 et
744 4923 914 5013 Rapina,
929 4922 975 5005 (id
987 4932 1038 4989 est
1056 4921 1316 5013 Rupiaporvc),
1338 4920 1516 5009 parochiae
1537 4923 1776 4992 Pawloviensis
1787 4924 1822 4991 in
1833 4922 2048 5013 Opotoriensi

392 5033 535 5097 regione.

1787 5113 1847 5179 5³*
