5409 6309
1416 776 1696 851 -ola-

730 982 829 1066 sulis
852 980 998 1066 eodem
1019 977 1245 1089 priuilegio
1267 977 1460 1089 superius
1481 986 1769 1086 expressatum
1786 975 1896 1090 (sic),
1912 986 2049 1062 ratum
2065 989 2233 1092 gratum
2249 992 2378 1094 atque

643 1186 651 1195 ,
729 1101 894 1184 firmum
915 1097 1140 1198 habentes,
1163 1099 1215 1181 de
1237 1096 1358 1181 solita
1378 1106 1546 1187 nostrae
1567 1095 1732 1215 Rpgiae
1752 1095 1986 1206 Majestatis
2005 1094 2286 1210 benignitate,
2326 1131 2378 1190 ex

730 1229 846 1302 certa
880 1216 1058 1301 scientia
1095 1216 1288 1298 duximus
1326 1201 1672 1300 confirmandum.
1724 1216 1948 1299 Praeterea
1969 1227 2131 1302 attenta
2153 1221 2379 1307 deuotione

730 1338 832 1420 dicti
864 1335 1059 1421 Stanislai
1080 1334 1329 1444 ‚Praepositi
1342 1357 1402 1429 aa
1423 1333 1620 1441 Sororum
1641 1333 2016 1449 ,Menesteriijpm
2048 1338 2169 1444 dicti,
2200 1367 2378 1451 quorum

728 1456 995 1539 deuotionem
1015 1482 1067 1535 ac
1090 1454 1276 1537 ordinem
1298 1455 1491 1537 dominus
1514 1481 1565 1534 ac
1584 1454 1825 1563 redemptor
1845 1467 1989 1537 noster
2008 1468 2166 1566 quanto
2188 1458 2376 1568 ampliori

727 1585 770 1657 et
788 1575 1023 1684 specialiori
1045 1573 1183 1684 gratia
1202 1574 1258 1655 ad
1273 1572 1508 1657 Ecclesiam
1525 1571 1718 1680 Apostoli
1736 1576 1804 1657 sui
1819 1574 1936 1659 Petri
1949 1575 2211 1662 tctimmdo
2229 1579 2376 1667 nuda

724 1695 854 1779 bilem
875 1693 1057 1775 reddidit
1078 1704 1122 1774 et
1141 1695 1370 1804 insignem,
1392 1703 1509 1774 tanto
1533 1693 1671 1800 ipsum
1692 1700 1835 1775 nostra
1856 1693 2005 1807 Regali
2026 1694 2314 1779 munificentia
2332 1701 2376 1781 in

726 1814 812 1897 suis
834 1811 1007 1895 Juribus
1031 1821 1073 1893 et
1091 1810 1359 1894 libertatibus
1380 1811 1570 1895 volumus
1593 1812 1772 1895 caeteris
1795 1812 2001 1895 anteferri.
2053 1811 2172 1897 Bona
2203 1843 2375 1926 quoque

724 1930 965 2040 Monasterij
998 1958 1092 2019 cum
1116 1934 1202 2013 suis
1223 1933 1330 2017 villis
1353 1940 1397 2010 et
1418 1929 1616 2045 granicijs
1647 1932 1851 2038 praedicti
1888 1931 2131 2040 Monasterij
2155 1934 2206 2013 de
2229 1931 2375 2017 diosna

726 2050 1016 2161 adjacentibus
1041 2056 1082 2131 et
1101 2050 1410 2159 pertinentibus
1432 2046 1626 2132 videlicet
1658 2050 1889 2151 Treclrorsz,
1913 2048 2123 2153 Tlsornow,
2146 2046 2372 2164 Zoporowa,

726 2170 984 2268 Maloscbicz,
1029 2167 1279 2268 Scilorsclre,
1301 2171 1343 2250 in
1365 2181 1476 2249 terra
1497 2166 1767 2251 Oracouiensi
1789 2170 1832 2250 in
1852 2180 1964 2253 terra
1996 2167 2239 2280 Syradiensi
2270 2168 2374 2254 Bre-

708 2314 840 2393 ssos),
864 2282 1019 2392 dedoleo
1041 2282 1145 2390 lota,
1168 2286 1303 2371 Retia
1332 2317 1364 2389 e,
1390 2282 1574 2368 Grodzr‘cz
1596 2281 1650 2399 (³)
1673 2316 1768 2368 cum
1791 2288 1982 2372 omnibus
2005 2316 2148 2373 earum
2170 2290 2374 2373 adheren-

721 2410 791 2519 tijs
815 2407 1073 2491 absuluirnus
1094 2407 1259 2491 iudiciis
1280 2316 1588 2508 plalagnomm,
1622 2407 1984 2512 Castellanorurn,
2014 2405 2239 2510 «Indicum,
2263 2406 2372 2505 Sub,-

713 2522 924 2649 judicum,
955 2526 1286 2609 Ministerialiurn
1321 2553 1492 2637 quoque
1524 2524 1812 2611 universorum
1842 2526 1994 2637 Itaque
2026 2554 2168 2610 coram
2188 2530 2287 2640 ipsis
2307 2532 2375 2614 vel

722 2675 866 2733 eorum
886 2646 1028 2761 aliquo
1050 2673 1124 2761 pro
1148 2648 1285 2729 causis
1312 2645 1482 2755 'magnis
1514 2672 1589 2725 seu
1618 2647 1759 2756 paruis
1790 2645 2029 2757 nullatenus
2060 2645 2374 2754 respondebunt

723 2767 801 2849 nisi
823 2766 1065 2851 emethones
1098 2792 1238 2847 coram
1272 2762 1461 2849 Sculteto
1483 2766 1571 2874 ipse
1593 2793 1692 2847 vero
1716 2791 1856 2849 coram
1890 2765 2139 2875 Praeposito
2160 2768 2257 2849 dicti
2280 2766 2372 2851 Mo·

697 2884 893 2975 ‚nasterii
915 2884 1139 2997 suiipsius
1162 2887 1236 2999 qui
1257 2912 1332 2992 pro
1354 2894 1540 2993 ternpore
1562 2880 1715 2969 fuerint
1736 2883 2091 2968 administratione
2114 2910 2164 2966 ac
2187 2884 2371 2995 Praepo-

723 3008 828 3087 situs
851 3002 949 3084 dum
970 3004 1170 3085 iustitiam
1205 3004 1382 3084 reddere
1418 3002 1668 3113 neglexerit,
1705 3031 1789 3086 non
1820 3002 1920 3086 alias
1952 3001 2030 3087 nisi
2060 3002 2372 3115 inpraesentia

721 3125 883 3235 Regiae
905 3122 1135 3205 Maiestatis
1159 3124 1258 3205 dum
1281 3151 1453 3207 eausam
1474 3152 1549 3231 per
1570 3122 1731 3204 literam
1754 3131 1939 3206 nostram
1960 3136 2101 3206 nostro
2125 3123 2258 3237 sigillo
2280 3150 2373 3206 mu·

720 3246 851 3327 uitam
867 3254 1069 3326 euocatus
1090 3240 1226 3324 suerit.
1247 3241 1384 3357 Dese
1407 3240 1727 3355 querulantibus
1748 3240 1971 3324 tenebatur
1990 3242 2258 3355 respondere,
2280 3245 2372 3354 qui-

719 3358 801 3445 bus
844 3362 969 3445 etiam
1010 3362 1308 3445 authoritatem
1349 3360 1617 3445 concedimus
1661 3358 1891 3447 criminales
1922 3368 2101 3444 tractare
2135 3388 2287 3444 causas
2329 3370 2371 3443 et

721 3511 865 3564 earum
897 3468 1101 3567 dirimere
1121 3480 1383 3605 questionae,
1414 3478 1525 3561 furta
1556 3478 1751 3565 cohibere
1772 3479 2054 3586 Incendiarbs
2077 3492 2119 3561 et
2138 3478 2370 3566 homicidos

718 3604 887 3713 punire,
910 3611 953 3682 et
974 3600 1075 3681 alios
1096 3594 1391 3682 malefactores
1413 3597 1559 3703 vltimo
1581 3597 1787 3711 supplicio
1827 3600 2026 3711 deputare
2046 3602 2088 3685 in
2109 3599 2174 3681 his
2197 3609 2240 3683 et
2259 3597 2372 3683 simi·

718 3721 828 3803 libus
853 3749 904 3801 ea
924 3728 1094 3802 utantur
1116 3745 1203 3827 qua
1219 3710 1346 3800 Ciues
1369 3716 1420 3799 de
1441 3710 1630 3798 Croooru'u
1647 3726 1689 3798 et
1706 3714 1881 3805 ludices
1900 3718 1953 3800 de
1968 3714 2165 3828 Boclrnr'ja
2183 3730 2367 3805 vtuntur.

714 3839 896 3947 ,Insuper
917 3836 1053 3949 Regio
1074 3833 1219 3917 fauore
1240 3863 1386 3923 omnes
1407 3838 1693 3949 possessiones
1715 3838 1943 3939 sensiles,
1966 3828 2017 3921 ao
2038 3838 2225 3923 homines
2244 3839 2288 3923 in
2309 3838 2368 3921 eis

626 4054 629 4059 .
720 3948 959 4039 habitantes
983 3952 1241 4039 absoluimus
1267 3964 1309 4034 et
1329 3954 1588 4096 integraliter
1607 3956 1863 4065 relaxamus,
1886 3953 1940 4038 ab
1961 3957 2154 4040 omnibus
2184 3958 2370 4043 exactio·

719 4062 861 4177 nibus,
894 4072 1096 4175 collectis,
1129 4070 1528 4178 contributionrbus,
1558 4070 1854 4183 solutionibus,
1890 4068 2195 4183 taxationibus,
2214 4072 2370 4160 labori·-

716 4190 797 4283 bus
820 4196 1002 4277 vecturis
1035 4193 1278 4307 Castrorum
1309 4195 1399 4311 siue
1431 4192 1620 4289 Oitatum
1655 4193 1853 4309 Inrebus
1889 4195 2105 4283 fiscalibus
2137 4223 2162 4275 a
2180 4194 2372 4287 Przewod

711 4314 937 4429 puduerat,
953 4313 1089 4417 boue,
1110 4340 1261 4416 vacca,
1292 4340 1422 4423 porco
1453 4324 1540 4399 stru
1559 4322 1603 4403 et
1623 4341 1689 4426 rep
1711 4342 1763 4401 ao
1784 4308 2089 4405 omnibusaliis
2102 4310 2303 4425 ‚augariis
2316 4340 2367 4399 ac

685 4544 690 4561 .
716 4433 1005 4545 pracangariis
1028 4458 1114 4551 qua
1136 4433 1312 4515 diuersis
1333 4431 1572 4516 nominibus
1604 4432 2054 4553 appellantur'penitus
2074 4435 2297 4519 eximimus
2316 4456 2368 4516 ae

710 4786 720 4795 ·
737 4786 740 4795 ¹
824 4766 865 4843 (ἢ
886 4763 1039 4846 ὓςὸοὶςὲα
1053 4763 1194 4853 villa-est
1207 4764 1444 4852 hodieinips·
1458 4706 1822 4855 Sirrldlensiparoehin.¹
1839 4716 2073 4855 „ampliasse
2087 4764 2207 4835 ibddem
2219 4765 2367 4835 locorum

711 4847 752 4912 ln
767 4847 947 4915 Siradiensi
961 4848 1187 4949 regioneville
1196 4849 1409 4941 parochialis.
1430 4851 1556 4953 Ratcja
1569 4851 1649 4917 vlla
1659 4852 2028 4941 inPyzumnsicsgione
2040 4860 2107 4925 nlo·
2117 4851 2368 4922 docenium!

719 4954 761 4998 an
777 4932 817 4999 de
832 4931 896 4999 illis
911 4932 945 4998 in
957 4933 1131 5023 privilegio
1146 4945 1262 5003 nostro
1275 4936 1398 5015 mentio
1410 4934 1587 5003 invenmn·
1679 4976 1708 4997 η
1853 5012 1859 5023 ,
