5409 6309
1391 741 1667 894 -ara‘-
1822 785 1825 789 ’

704 1023 898 1112 Suelteto
920 1032 965 1107 et
984 1021 1176 1108 omnibus
1196 1019 1523 1106 aduenientibus
1558 1029 1601 1106 et
1627 1017 1895 1105 manentibus
1915 1047 1943 1105 a
1964 1022 2066 1107 data
2086 1024 2353 1135 presencium

704 1143 989 1255 computando
1010 1140 1254 1228 asoluoione
1275 1144 1426 1225 centua
1447 1129 1598 1252 'viginti
1617 1163 1754 1227 annos
1774 1140 2045 1227 concedimus
2065 1145 2350 1232 omnimodam

701 1260 939 1347 libertatem
960 1259 1174 1347 Scolteum
1193 1277 1293 1345 vero
1315 1260 1391 1373 qui
1409 1268 1676 1373 protempore
1705 1259 1831 1346 fiuent
1860 1260 1916 1344 ad
1935 1262 2253 1373 expedicionem
2271 1289 2351 1377 ge·
2503 1288 2506 1294 ·

702 1382 886 1467 neralem
905 1379 1030 1467 nobie
1048 1399 1149 1465 cum
1169 1377 1327 1464 baiitta
1354 1380 1399 1462 in
1427 1405 1539 1490 equo
1564 1372 1723 1464 ‘seruire
1759 1388 1826 1465 cat
1858 1380 2056 1465 astrictuo
2089 1380 2351 1468 Kmethonea

702 1519 802 1588 vero
822 1510 1028 1613 perpetue
1051 1499 1261 1609 exspirata
1278 1495 1475 1585 libertate
1494 1517 1701 1583 eonceero
1720 1497 1901 1612 quilibet
1920 1520 2065 1587 eorum
2087 1500 2141 1584 de
2162 1500 2355 1613 quolibet

701 1636 850 1708 manto
872 1619 1048 1732 cingulis
1065 1620 1189 1703 annia
1207 1618 1325 1703 circa
1344 1617 1502 1703 foetum
1521 1617 1637 1703 beati
1656 1619 1825 1705 Martini
1845 1639 1970 1703 vnam
1991 1638 2178 1704 marcam
2197 1641 2353 1706 centua

671 1729 825 1826 nobis
845 1741 917 1824 uel
931 1740 1114 1850 posteris
1135 1739 1287 1824 nostrie
1314 1739 1558 1849 prodecima
1587 1738 1674 1825 Sex
1707 1736 1861 1825 Scotos
1895 1738 2075 1825 latorum
2111 1761 2355 1852 grossorum

700 1858 981 1972 Proponeium
1002 1859 1103 1942 dare
1125 1867 1169 1942 et
1189 1856 1351 1944 soluere
1388 1860 1473 1942 sint
1499 1858 1661 1942 astricti
1695 1858 1926 1967 inquorum
1956 1860 2139 1945 omnium
2160 1859 2353 1945 testimo*

702 1980 817 2062 nium
836 1997 887 2092 ac
912 1977 1173 2062 euidentiam
1191 1977 1417 2087 pleniorem
1439 1977 1632 2091 Sigillum
1652 1986 1843 2062 nostrum
1862 1977 2130 2089 presentibus
2156 1979 2352 2064 duximus

702 2097 1039 2212 appendendum,
1050 2097 1199 2197 datum
1218 2099 1262 2180 in
1283 2097 1490 2182 Iaocrzi'czc
1511 2096 1641 2184 Curia
1656 2106 1801 2182 nostra
1819 2096 1912 2208 ipso
1929 2097 1996 2180 die
2014 2095 2353 2186 Oioumouionu

603 2271 608 2282 ·
700 2216 859 2301 domini
892 2217 1016 2303 Anao
1051 2217 1209 2302 domini
1247 2216 1465 2302 Milleaimo
1503 2214 1932 2327 Quadringentesimo
1974 2216 2352 2330 decimoseptimo

700 2334 972 2420 Preeentibus
992 2335 1202 2421 nobilibua
1223 2335 1443 2422 Clemente
1465 2335 1517 2419 de
1536 2334 1763 2449 depreciatur
1782 2334 1960 2421 Nicolao
1977 2335 2030 2418 de
2045 2335 2217 2421 Miodoro
2231 2336 2352 2421 Kmi·

698 2454 776 2539 ma
798 2456 849 2537 de
870 2454 1067 2544 Borczc‘no
1086 2453 1360 2540 Warczielao.
1384 2457 1438 2539 d'e
1461 2454 1631 2540 meroe
1652 2454 1879 2540 Praeczlac
1897 2454 1954 2538 de
1973 2454 2171 2540 Romano
2186 2456 2352 2567 'hoya

701 2591 757 2659 iro
777 2575 832 2657 de
854 2572 1128 2659 cosczcadoo
1151 2583 1194 2658 et
1213 2575 1305 2686 alijs
1325 2574 1515 2684 pluribus
1536 2573 1776 2687 fidedignis.

801 2993 889 3078 Nos
900 3019 999 3078 vero
1013 2977 1068 3108 (⁶)
1079 2980 1230 3104 prefati
1239 2981 1458 3077 Michaelis
1468 2983 1748 3103 peticionibus
1768 2981 1927 3079 racioni
1944 2993 2141 3079 consonis
2153 2983 2352 3079 acclinati

697 3113 1055 3223 attendentesquc
1075 3112 1283 3199 bonorum
1304 3109 1564 3198 castellonio
1598 3112 1731 3224 ipsius
1748 3141 1823 3225 per
1839 3109 2190 3223 exstirpacioncm
2207 3105 2348 3199 'Silua-

697 3259 792 3317 rum
812 3230 1053 3317 huiuamodi
1074 3231 1364 3319 condicionem
1384 3230 1473 3318 fore
1492 3231 1707 3317 meliorem
1728 3234 1888 3317 litterae
1907 3259 2009 3316 suae
2029 3232 2243 3342 predictae
2263 3261 2351 3317 me⁶

696 3360 859 3436 morato
878 3351 1006 3436 Petro
1026 3379 1199 3464 pereum
1236 3352 1359 3437 datas
1388 3362 1436 3437 vt
1453 3343 1662 3462 prefertur
1681 3354 1726 3435 in
1748 3350 1942 3438 omnibus
1980 3381 2125 3437 earum
2162 3347 2348 3436 articulis

697 3461 1017 3556 condicionibus
1037 3471 1207 3581 punctis
1228 3463 1424 3557 clanculis
1447 3482 1490 3555 et
1510 3470 1747 3581 Senteucije
1766 3467 1972 3557 vniueraie
1999 3480 2116 3556 ratas
2139 3479 2182 3556 et
2201 3481 2347 3586 gratae

695 3587 903 3674 habentes
921 3585 1208 3701 approbamus
1245 3603 1289 3675 ct
1323 3587 1622 3676 confirmamus
1658 3600 1804 3677 tenore
1839 3593 2103 3702 presencium
2134 3587 2346 3677 mediante

696 3708 967 3792 decernentes
987 3710 1102 3819 ipsae
1121 3710 1250 3795 robur
1284 3719 1489 3822 perpetue
1524 3709 1731 3794 firmitatis
1766 3708 1954 3796 obtinere
1989 3701 2154 3796 Harum
2189 3709 2345 3819 quibus

697 3824 889 3937 Sigillum
908 3836 1098 3913 nostrum
1119 3857 1353 3940 appensum
1376 3839 1441 3912 est
1459 3830 1701 3915 testimonio
1720 3829 1952 3916 litterarum
1972 3827 2128 3915 Actum
2141 3832 2186 3914 in
2199 3828 2345 3915 Noua·
2432 3820 2437 3826 ’

695 3946 867 4028 ciuitate
889 3943 993 4029 foria
1014 3955 1134 4030 sexta
1151 3949 1342 4059 proxima
1363 3958 1461 4032 ante
1485 3939 1736 4034 dominicam
1768 3939 1893 4034 Oculi
1925 3945 2049 4035 Anno
2072 3949 2228 4035 domini
2247 3943 2340 4034 Mil-

582 4122 588 4137 ·
692 4064 835 4182 leaimo
858 4060 1282 4177 Quadringentesimo
1304 4069 1467 4153 decimo
1489 4069 1666 4178 septimo
1688 4061 1962 4164 Presentibue
1993 4063 2149 4154 ibidem
2170 4059 2338 4181 Magni·

619 4277 623 4290 ,
690 4183 783 4268 ficis
805 4194 848 4269 et
869 4183 1058 4270 strenuis
1081 4181 1263 4272 Orietino
1286 4179 1339 4271 de
1364 4186 1526 4272 Ostrow.
1541 4186 1781 4274 Oaatellano
1803 4186 2080 4274 Cracouiansi
2093 4181 2268 4274 Nicolao
2286 4179 2338 4270 dc

692 4302 904 4389 Macduloao
920 4303 1112 4389 Palatino
1129 4297 1470 4392 Sandomiriensi.
1502 4307 1716 4395 Dobeslao
1734 4298 2021 4418 chnic'ienei
2037 4298 2234 4393 iohanne
2249 4305 2338 4391 Lu·

582 4462 588 4474 ·
690 4421 867 4509 blinensi
885 4421 1076 4510 ffloriano
1098 4421 1351 4512 Wielioienai
1373 4423 1580 4515 Grottoue
1599 4426 1902 4541 Malogoatenei
1931 4419 2213 4542 Caulonis..
2239 4419 2339 4511 Sbi-

692 4569 803 4652 gneo
825 4545 877 4627 de
898 4542 1045 4629 Brzezc
1066 4543 1330 4632 Murschalco
1352 4544 1409 4631 lli
1428 4543 1519 4657 aliie
1538 4546 1729 4659 pluribus
1749 4541 1946 4632 fidelibus
1980 4545 2134 4633 nocuis
2171 4544 2335 4631 dilectis

691 4658 851 4744 Datum
899 4688 974 4771 per
1023 4692 1174 4750 manus
1223 4657 1464 4753 Reuerendi
1501 4663 1547 4750 in
1597 4655 1766 4753 Christo
1806 4667 1937 4778 patrie
1980 4661 2139 4754 domini
2177 4655 2339 4751 Albet'ti

693 5001 770 5068 pag·
787 4892 1008 5047 3(;)5.8οἱ1ἰοοιτ
1030 4895 1215 4968 vladislaus
1243 4900 1312 4968 Rex
1326 4898 1695 4970 Poloniae-ccncloaio
1722 4900 1809 4970 enim
1835 4903 1905 4990 ejus
1930 4901 2060 4971 tabulae
2085 4900 2243 4988 sequitur,
2267 4881 2342 4967 'vide
