5409 6309
1372 856 1641 932 -3oo-

684 1062 901 1179 legitimis,
921 1066 965 1146 in
984 1072 1119 1149 totum
1158 1062 1364 1167 vendidit,
1385 1062 1490 1144 etin
1509 1066 1760 1172 perpetuum
1780 1083 1922 1144 coram
1940 1056 2062 1146 nobis
2077 1059 2353 1170 judicialiter

685 1187 936 1298 resignavit,
957 1184 1205 1292 promittens
1226 1210 1302 1293 pro
1324 1181 1436 1267 omni
1454 1182 1751 1288 impedimento
1772 1189 1902 1294 atque
1925 1180 2106 1290 dampno
2120 1181 2247 1292 juxto
2258 1183 2278 1295 j

685 1313 878 1389 terrestre
909 1303 1090 1387 ubilibet
1120 1305 1277 1386 eisdem
1308 1311 1420 1386 stare
1443 1300 1496 1381 de
1515 1300 1747 1410 premissis,
1776 1328 1852 1411 per
1871 1300 1987 1409 ipsos
2008 1300 2221 1386 dominum
2240 1301 2333 1388 Ab·
2370 1369 2372 1372 v

625 1487 627 1492 s
684 1421 827 1507 batem
846 1433 893 1505 et
913 1423 1178 1539 Conventum
1212 1425 1416 1530 premisso
1449 1419 1746 1530 perpetualiter
1779 1419 1980 1523 tenendo,
2011 1419 2228 1527 habende,
2246 1423 2354 1507 uri-¹

685 1539 876 1648 fruenda,
909 1542 1165 1653 possidenda
1198 1551 1240 1623 et
1273 1544 1316 1623 in
1351 1569 1454 1626 usus
1489 1543 1675 1648 ipsorum
1707 1537 1996 1650 'beneplacitos
2032 1542 2331 1652 convertendus

686 1663 746 1746 ita
765 1673 920 1767 tamen,
956 1662 1058 1773 quia
1076 1659 1232 1744 ibidem
1255 1662 1392 1744 dictus
1415 1661 1604 1747 dominus
1641 1657 1790 1742 Abbas
1813 1656 2140 1763 et‘Conventus,
2176 1661 2334 1746 dictem

685 1783 955 1866 medietatem
976 1782 1135 1890 piscine
1155 1767 1345 1891 predicte
1365 1769 1497 1866 habet
1522 1778 1747 1863 sublevare
1768 1785 1810 1878 et
1831 1778 1911 1861 sibi
1932 1776 2120 1863 obtinere
2143 1805 2274 1888 quom
2296 1780 2335 1865 ei
2391 1819 2395 1832 ·

686 1902 834 1985 melius
853 1901 1075 1999 videbitur,
1098 1908 1139 1983 et
1160 1928 1257 1988 cum
1276 1899 1439 1983 rubetis
1461 1926 1512 1983 ec
1533 1899 1753 1983 arboribus
1775 1897 1828 1980 de
1849 1896 1951 1980 sluis
1975 1895 2031 2011 (l)
2063 1897 2217 1980 ibidem
2252 1927 2334 2014 og-

692 2049 835 2133 gerem
875 2016 1178 2124 reformabunt,
1200 2029 1243 2100 et
1261 2021 1352 2129 ipse
1368 2019 1566 2104 Nicolaus
1587 2018 1780 2103 venditor
1798 2016 1842 2099 in
1861 2015 1974 2100 nullo
1998 2017 2156 2124 eisdem
2171 2012 2355 2128 empto?

598 2201 601 2207 ,
684 2141 803 2224 ribus
833 2164 984 2222 nocere
1019 2141 1063 2221 in
1098 2140 1310 2247 premissis
1352 2139 1536 2223 debebit.
1587 2136 1638 2220 In
1659 2137 1778 2221 cuius
1797 2137 1858 2219 rei
1878 2126 2161 2220 testimonium
2194 2136 2334 2249 sigillo,

684 2256 948 2371 presentibus
979 2265 1124 2341 nostra
1144 2267 1242 2340 sunt
1261 2286 1462 2367 appensa.
1512 2255 1669 2340 Actum
1689 2266 1733 2339 et
1754 2256 1898 2341 datum
1923 2249 2107 2338 Crucooie
2127 2256 2170 2337 in
2191 2254 2335 2342 Collo·

642 2371 655 2384 ’
687 2378 786 2491 quio
808 2376 1012 2487 generali,
1032 2375 1137 2460 feria
1158 2387 1310 2489 quarte
1329 2379 1519 2487 proxime
1539 2385 1643 2485 post
1658 2376 1769 2458 diem
1790 2374 1927 2459 sancti
1946 2372 2179 2458 Michaelis.
2210 2372 2333 2461 Anno

687 2497 842 2582 domini
862 2494 1083 2581 Millesimo
1106 2497 1519 2608 quadringentesimo
1557 2495 1701 2578 tercio.
1751 2494 2024 2578 Presentibus
2055 2494 2235 2578 strenuis
2259 2495 2334 2580 do·

623 2665 629 2676 ·
685 2615 808 2698 minis
829 2613 1072 2699 Juschcone
1094 2616 1145 2698 de
1167 2614 1360 2698 Tharnen
1396 2614 1603 2724 palatino,
1640 2611 1839 2698 Johenne
1862 2614 1912 2696 de
1936 2613 2144 2724 Tbunczyn
2176 2612 2335 2724 Croco-

685 2735 819 2819 viensi
840 2734 1020 2819 Cristino
1044 2732 1323 2838 Sandecensi,
1353 2734 1535 2818 Imramo
1557 2729 1914 2837 Zuvichostiensi,
1951 2731 2170 2817 Clemente
2190 2726 2353 2817 Redo·.
2387 2793 2390 2800 ·

650 2859 653 2866 ’
686 2855 834 2938 miensi
856 2863 898 2938 et
919 2852 1136 2940 Clemente
1168 2853 1474 2940 Ozechoviensi
1509 2851 1783 2956 Castellenis,
1819 2850 2096 2965 pluribusque
2117 2850 2206 2961 alijs
2226 2851 2334 2937 fide-

578 3085 580 3091 *
689 2974 841 3087 dignis.
1720 2984 1721 2988 '

1121 3349 1126 3356 ·
1354 3319 1676 3453 clxxxviii.

915 3537 1287 3660 Mieolrovtoe
1298 3577 1394 3672 -16
1411 3575 1733 3662 Novembris
1754 3574 1905 3680 ,14⁰5
1924 3597 2088 3672 anno.

789 3796 999 3887 compluens
1020 3796 1099 3868 inter
1117 3796 1328 3890 steriptrcrss
1344 3799 1377 3869 ct
1391 3797 1610 3872 moerorisne
1631 3800 1816 3871 monadem
1829 3798 1866 3871 de
1881 3799 2017 3873 Tutulre
2030 3801 2166 3876 transitu
2181 3803 2230 3884 (η.

790 4020 878 4106 Nos
899 4019 1079 4105 Michsel
1101 4020 1365 4132 Propositus,
1400 4024 1601 4110 Nicoleus
1624 4022 1799 4125 Custos,
1836 4021 2057 4109 Johennes
2094 4025 2339 4112 Thesauro·

639 4155 648 4170 ¹
685 4139 783 4245 rius,
805 4138 986 4228 Wlodlm
1006 4140 1268 4248 Procurator,
1304 4142 1525 4229 lohannes
1548 4144 1745 4255 clauiger,
1764 4143 1965 4229 Nicolaus
1989 4155 2031 4227 et
2050 4142 2082 4228 J
2083 4147 2242 4232 acobus
2264 4145 2339 4234 Vi·

687 4260 800 4372 carij,
835 4259 1017 4346 Mathias
1054 4259 1287 4348 Stanislaus
1325 4261 1543 4375 Vngarus,
1580 4261 1839 4367 Stauislaus,
1872 4263 2092 4371 Nicolaus,
2122 4263 2338 4377 Albertus,

685 4378 914 4487 Henricus,
950 4409 1115 4466 necnon
1150 4390 1265 4466 totus
1302 4381 1549 4469 Conuentus
1584 4381 1825 4494 Monssterij
1856 4381 2177 4470 Mechouiensis.
2198 4386 2340 4473 Reco-

688 4501 1132 4615 gnoscimuspublice.
1154 4508 1300 4586 tenore
1320 4503 1585 4612 presencium
1604 4504 1822 4609 vniuersis,
1844 4497 1971 4602 Quod
1989 4503 2090 4588 licet
2109 4501 2206 4591 olim
2226 4505 2338 4592 bone

789 4765 828 4847 (¹)
851 4763 904 4831 Ex
921 4751 1102 4853 brchetypo
1118 4764 1364 4832 membranaceo
1377 4766 1571 4848 Stanietoiis
1585 4775 1754 4833 asservato
1770 4763 1877 4833 deseri
1900 4761 1943 4832 sit
1959 4765 2148 4835 Slewirislri.
2182 4767 2340 4835 Tseniola

686 4872 892 4938 pergamena.
930 4849 1078 4934 Sigillum
1103 4848 1290 4938 oblongum,
1305 4851 1339 4916 iu
1355 4873 1421 4935 qno
1436 4853 1487 4917 effi
1514 4852 1559 4918 'es
1584 4852 1718 4917 Domini
1743 4850 1848 4919 nostri
1873 4789 1953 4919 lesu
1982 4850 2105 4922 Christi
2128 4876 2203 4921 cum
2218 4853 2338 4920 vexillo

686 4935 895 5020 resurgentis,
922 4933 1039 5000 dextr's
1052 4957 1166 5001 manus
1188 4935 1325 5015 sublate,
1346 4937 1433 5024 opud
1445 4957 1487 5023 pe
1512 4958 1547 5002 es
1561 4936 1644 5020 Ejus
1659 4958 1739 5004 vero
1754 4945 1821 5004 tres
1861 4959 2009 5004 erronee.
2045 4936 2085 5002 In
2100 4936 2225 5004 ambitu
2239 4938 2339 5026 sigilli

685 5018 786 5085 verbs
799 5018 928 5105 penitus
944 5017 1060 5106 deleta,
1074 5020 1141 5108 legi
1155 5031 1261 5088 tomen
1282 5033 1431 5110 possunt:
1454 5022 1487 5088 S.
1505 5021 1705 5090 Cenum...
1724 5022 1804 5089 Erat
1819 5045 1839 5089 o
1854 5022 1860 5036 '
1909 5032 1945 5089 st
1957 5022 2094 5116 alterum
2107 5022 2258 5112 sigillum.
