5409 6309
1059 721 1306 831 ,ζῇ-

334 1057 339 1066 ,
367 1017 370 1022 ·
410 972 584 1075 praesu
599 935 731 1047 Ciues
745 961 892 1045 'dictae
914 959 1055 1062 Urbis,
1076 911 1213 1045 donec
1232 984 1341 1069 pens
1363 956 1631 1066 supradictus
1652 961 1816 1043 steterit
1837 989 1888 1044 ex
1907 961 2015 1070 inte-

415 1111 493 1193 gro
513 1089 752 1192 reparatus.
783 1080 947 1182 Damus
967 1082 1141 1186 insuper
1174 1085 1218 1162 et
1232 1107 1236 1108 *
1250 1076 1525 1161 comedimus
1545 1077 1766 1183 praedicto
1802 1078 2020 1164 Witbconi
2065 1133 2068 1138 »

369 1255 375 1262 -
413 1200 654 1301 Aduocato,
673 1208 720 1280 et
738 1199 824 1280 suis
845 1197 1046 1311 legitimis
1066 1195 1399 1294 successoribus,
1419 1192 1463 1272 in
1485 1192 1679 1276 districtu
1698 1223 1802 1279 suae
1824 1196 2020 1282 Ciuitatis
2151 1217 2153 1228 ·

408 1316 772 1429 ‘praehabitaeet
791 1313 835 1397 in
857 1316 1050 1397 districtu
1067 1313 1287 1397 laneorum
1309 1309 1485 1394 Ciuitati
1506 1310 1805 1418 adiacentium,
1836 1323 1881 1397 et
1900 1314 2021 1398 addi·

365 1509 369 1518 .
414 1447 555 1521 torum
576 1434 772 1544 capiendi
792 1431 1053 1544 ubicumque
1072 1432 1261 1515 locorum
1282 1438 1326 1512 et
1344 1426 1542 1528 venandi,
1580 1456 1706 1513 omne
1740 1460 1879 1541 genus
1911 1428 2022 1513 fera-

413 1582 509 1639 rum
530 1577 804 1663 quocumque
825 1550 1002 1633 artificio
1024 1548 1220 1648 voluerit5
1236 1547 1305 1629 vel
1325 1545 1532 1643 maluerit,
1552 1546 1730 1630 liberam
1753 1557 1796 1628 et
1816 1550 2022 1635 omnimo·

417 1672 517 1754 dam
550 1677 821 1776 potestatem.
867 1669 925 1752 Et
956 1675 1003 1748 ut
1023 1665 1187 1749 Ciuitas
1208 1663 1463 1773 praehabita
1500 1661 1866 1769 Sandemiriensis,
1903 1677 2022 1750 tante

293 1853 316 1864 ..
415 1787 592 1890 facilius,
611 1797 821 1899 tantoque
853 1788 976 1868 citius
1014 1783 1263 1894 corrigatur,
1296 1783 1505 1884 volumus,
1542 1784 1659 1892 quod
1694 1783 1808 1866 nulla
1843 1773 2060 1867 taberna

387 1913 584 2017 ,praeter
603 1914 701 2008 tres,
721 1933 851 1987 unam
885 1904 1100 2012 Episcopi,
1139 1915 1181 1984 et
1217 1901 1330 1983 dues.
1361 1900 1584 1983 Ecclesiae
1621 1898 1810 1984 Sanctae
1845 1901 2018 2004 Mariae,

417 2051 530 2135 quae
551 2027 665 2106 n'unc
685 2031 788 2106 sunt-
806 2031 850 2104 et
868 2019 1051 2124 fuerunt,
1084 2021 1139 2104 ab
1161 2021 1337 2129 antiquo
1372 2020 1552 2121 locatae,
1584 2017 1652 2100 ad,
1670 2020 1793 2102 vnius
1830 2021 2025 2128 spacium
2128 2063 2136 2078 ·

420 2140 587 2223 miliaris
604 2168 681 2249 per
696 2141 880 2252 aliquem
899 2138 1062 2221 locetur
1082 2139 1151 2222 vel
1166 2136 1393 2244 habeatur.
1424 2136 1533 2218 Item
1555 2137 1827 2219 concedimus
1845 2136 2025 2221 Oiuibus

297 2363 303 2372 .
422 2258 695 2367 praehabitas
717 2258 927 2360 Ciuitatis,
950 2265 994 2338 et
1014 2256 1210 2340 omnibus
1233 2254 1336 2363 alijs,
1371 2254 1417 2335 in
1441 2254 1636 2335 districtu
1674 2254 1864 2336 eiusdem
1882 2256 1927 2335 in
1950 2256 2026 2354 do·

364 2433 372 2447 .
414 2378 558 2484 minijs
600 2377 766 2478 nostris,
808 2373 1007 2462 videlicet
1027 2374 1314 2476 Oracoviensi,
1353 2369 1686 2456 Sandomiriensi
1708 2382 1752 2454 et
1774 2371 2027 2481 Syraziensi,

419 2493 529 2576 infra
547 2497 741 2602 spacium
759 2492 967 2576 libertatis
1004 2493 1279 2601 supradictae
1305 2489 1504 2573 sedecim
1539 2516 1745 2573 annorum
1780 2491 2030 2573 transeundi
2112 2480 2119 2496 ’

307 2667 313 2672 -
391 2639 517 2694 «cum
552 2610 764 2694 mercibus
802 2609 1200 2721 qualibuscumque,
1248 2618 1292 2689 et
1325 2607 1590 2719 ubicumque
1623 2606 1824 2710 locorum,
1852 2606 2027 2718 'absque

419 2731 534 2813 omni
554 2756 712 2840 genere
734 2730 953 2813 solutionis
975 2727 1184 2813 Thelo'nei
1205 2738 1251 2808 et
1270 2753 1546 2838 quocumque
1578 2724 1789 2824 vocabulo
1822 2753 2029 2808 censean-

417 2854 487 2928 tur
506 2846 685 2930 liberum
704 2836 964 2930 facultatem.
997 2845 1202 2955 Expirata
1223 2845 1377 2926 deinde
1396 2843 1592 2926 libertate
1611 2842 1879 2950 praehabita,
1900 2843 2030 2952 ijdem
2124 2877 2173 2935 ὴ
2241 2860 2247 2872 “

194 3015 203 3028 ·
335 3021 367 3068 μ
420 2962 550 3050 Ciues
569 2968 714 3067 nostri,
735 2974 781 3045 et
801 2992 947 3047 omnes
970 2963 1038 3071 alij
1062 2963 1241 3065 Ciuitati
1260 2959 1521 3061 adiacentes,
1540 2989 1617 3067 per
1640 2960 1889 3060 districtum,
1923 2986 2030 3067 quo·
2130 2989 2132 2992 ’

419 3107 608 3192 cumque
623 3082 669 3162 in
688 3082 873 3190 negotijs
894 3080 983 3162 suis
996 3081 1220 3160 transitum
1239 3076 1456 3160 foecerint.
1489 3104 1567 3157 seu
1599 3075 1652 3164 de
1677 3073 1766 3158 foro
1798 3076 1856 3158 ad
1875 3072 2027 3158 forum.

387 3207 499 3279 'seu
516 3198 790 3281 mercimonia
822 3195 1015 3307 quelibet
1047 3194 1297 3297 exercendo,
1333 3191 1390 3275 ab
1427 3195 1550 3277 omni
1577 3192 1784 3276 solutione
1821 3189 2046 3274 Thelonei,

420 3315 743 3425 cuiuscumque,
765 3322 810 3395 et
830 3340 1104 3425 quocumque
1131 3313 1300 3416 nomine
1335 3320 1572 3416 censeatur,
1593 3311 1911 3420 inperpetuum
1947 3308 2032 3389 sint
2091 3315 2094 3326 '

294 3491 306 3524 ,
419 3431 554 3541 liberj,
578 3440 621 3513 et
639 3433 860 3514 immunes.
893 3430 1099 3515 Volumus
1119 3430 1268 3541 itaque
1289 3428 1344 3542 ab
1368 3429 1564 3516 omnibus
1598 3426 1817 3534 obseruari
1854 3422 2032 3548 inuiola-

421 3548 574 3651 biliter,
597 3558 641 3650 et
659 3550 928 3652 inconcusse,
972 3547 1088 3660 quod
1108 3557 1209 3657 post
1226 3545 1471 3629 libertatem
1502 3546 1692 3629 sedecim
1723 3571 1929 3628 annorum
1961 3570 2033 3624 su·
2079 3551 2081 3554 ’

277 3730 282 3736 .
330 3725 338 3734 -
377 3725 384 3732 ·
420 3669 672 3776 predictam.
714 3665 1050 3778 Theloneorum
1069 3665 1115 3746 in
1136 3663 1374 3749 confinibus
1397 3675 1442 3746 et
1460 3666 1584 3746 metis
1620 3672 1828 3744 terrarum
1866 3670 2032 3743 nostra·
2091 3761 2094 3770 ,

422 3814 516 3869 rum
537 3787 623 3867 iam
644 3784 853 3869 dictarum
874 3782 1103 3881 constituti,
1141 3811 1168 3864 a
1186 3781 1314 3866 modo
1334 3782 1547 3890 nonplus,
1576 3807 1708 3891 quarn
1730 3780 2033 3864 dimidietatem

425 3904 645 4006 Thelonei,
668 3932 694 3984 a
715 3904 869 3986 nostris
892 3901 1072 3986 Ciuibus
1090 3903 1177 3983 iam
1198 3900 1336 4002 dictis,
1370 3904 1478 3982 etin
1499 3900 1695 3983 districtu
1715 3896 1912 3982 Ciuitatis
1943 3922 2034 3977 ma·

404 4021 637 4123 uentibus,
656 4022 717 4114 ita
737 4021 774 4102 si
795 4029 914 4102 extra
935 4021 1084 4129 gades,
1106 4045 1184 4101 seu
1202 4027 1340 4101 metas
1362 4019 1617 4122 transierint,
1636 4042 1712 4124 pro
1728 4011 1942 4100 mercibus
1960 4039 2034 4093 ac·

424 4142 566 4250 cipere
587 4137 844 4221 habeantet
865 4145 1133 4250 extorquere.
1165 4136 1225 4220 Et
1243 4143 1294 4219 ut
1314 4133 1476 4219 Ciuitas
1497 4145 1644 4219 nostra
1675 4130 2032 4216 Sandomiriensis

371 4258 656 4363 sepedicta,
676 4254 720 4338 in
734 4255 1056 4362 temporalibus,
1079 4254 1133 4335 de
1169 4254 1236 4335 die
1266 4254 1312 4335 in
1343 4254 1456 4336 diem
1493 4258 1782 4364 augeatus,et
1802 4255 2033 4349 excrescat,
2177 4322 2179 4333 ,
2224 4271 2231 4282 ·

391 4443 395 4452 ,
427 4375 663 4477 summus,
685 4374 801 4484 quod
821 4373 1013 4482 hospites
1033 4370 1334 4483 undecumque
1371 4400 1468 4453 cum
1499 4367 1781 4476 mercimoniis
1814 4355 2034 4476 qualibus·

428 4519 611 4601 cumque
632 4493 770 4600 ipsam
789 4490 1050 4593 intrauerint,
1066 4487 1232 4570 ‘eadem
1262 4490 1537 4574 mercimonia
1565 4490 1608 4571 in
1635 4487 1731 4595 ipsa
1752 4484 1938 4570 Ciuitate
1961 4481 2035 4574 de·

306 4615 313 4679 '-
430 4617 603 4721 ponant,
634 4636 715 4690 nec
748 4609 852 4691 alias
884 4608 1075 4691 educere
1106 4604 1308 4691 audeant.
1347 4606 1419 4689 vel
1451 4612 1737 4716 praesumant,
1774 4602 1910 4685 donee
1953 4625 2033 4682 sua
2114 4631 2116 4636 ·

429 4727 700 4812 mercimonia
735 4724 995 4835 supradicta,
1030 4721 1269 4833 hospitibus
1290 4722 1344 4827 de
1366 4722 1543 4806 diuersis
1575 4720 1768 4833 partibus
1791 4727 1834 4804 et
1851 4716 2038 4830 regioni·

263 4943 270 4954 ,
330 4891 339 4938 ·.
427 4846 508 4934 bus
530 4841 870 4947 aduenientibus,
904 4870 983 4927 seu
1014 4844 1167 4928 nostris
1190 4838 1370 4927 Oiuibus
1393 4869 1445 4926 ex
1463 4843 1631 4960 integre
1651 4839 1900 4926 reuendant
1939 4832 2036 4919 Sta-
2147 4925 2153 4942 ,
2216 4855 2219 4862 ‘

636 4968 644 4983 ,
1622 4999 1630 5013 ἱ
1693 4971 1695 4976 s
1898 4965 1935 5033 4,
