<?xml version="1.0" encoding="UTF-8"?>
<!DOCTYPE html PUBLIC "-//W3C//DTD XHTML 1.0 Transitional//EN"
    "http://www.w3.org/TR/xhtml1/DTD/xhtml1-transitional.dtd">
<html xmlns="http://www.w3.org/1999/xhtml" xml:lang="en" lang="en">
 <head>
  <title>
</title>
<meta http-equiv="Content-Type" content="text/html;charset=utf-8" />
  <meta name='ocr-system' content='tesseract 3.04.00' />
  <meta name='ocr-capabilities' content='ocr_page ocr_carea ocr_par ocr_line ocrx_word'/>
</head>
<body>
  <div class='ocr_page' id='page_1' title='image "./codexdiplomatic00bobogoog_0509.png"; bbox 0 0 5409 6309; ppageno 0'>
   <div class='ocr_carea' id='block_1_1' title="bbox 1026 866 1342 956">
    <p class='ocr_par' dir='ltr' id='par_1_1' title="bbox 1026 866 1342 956">
     <span class='ocr_line' id='line_1_1' title="bbox 1026 866 1342 956; baseline 0.006 -20"><span class='ocrx_word' id='word_1_1' title='bbox 1026 866 1342 956; x_wconf 77' lang='lat' dir='ltr'>¹--rra--</span> 
     </span>
    </p>
   </div>
   <div class='ocr_carea' id='block_1_2' title="bbox 381 1062 2011 1270">
    <p class='ocr_par' dir='ltr' id='par_1_2' title="bbox 381 1062 2011 1270">
     <span class='ocr_line' id='line_1_2' title="bbox 381 1062 2011 1267; baseline 0.001 -122"><span class='ocrx_word' id='word_1_2' title='bbox 381 1062 721 1267; x_wconf 53' lang='lat' dir='ltr'>DugnbnpssRegni</span> <span class='ocrx_word' id='word_1_3' title='bbox 740 1065 912 1188; x_wconf 90' lang='lat' dir='ltr'>Polonie</span> <span class='ocrx_word' id='word_1_4' title='bbox 933 1065 1182 1178; x_wconf 81' lang='lat' dir='ltr'>Cancellary</span> <span class='ocrx_word' id='word_1_5' title='bbox 1204 1078 1246 1152; x_wconf 90' lang='lat' dir='ltr'>et</span> <span class='ocrx_word' id='word_1_6' title='bbox 1267 1068 1487 1178; x_wconf 81' lang='lat' dir='ltr'>Capitonei</span> <span class='ocrx_word' id='word_1_7' title='bbox 1524 1070 1812 1157; x_wconf 85' lang='lat' dir='ltr'>Oracoviensis</span> <span class='ocrx_word' id='word_1_8' title='bbox 1849 1068 2011 1166; x_wconf 83' lang='lat' dir='ltr'>sincere</span> 
     </span>
     <span class='ocr_line' id='line_1_3' title="bbox 386 1187 681 1270; baseline 0.017 -7"><span class='ocrx_word' id='word_1_9' title='bbox 386 1209 440 1267; x_wconf 94' lang='lat' dir='ltr'>no</span> <span class='ocrx_word' id='word_1_10' title='bbox 472 1212 507 1267; x_wconf 86' lang='lat' dir='ltr'>rs</span> <span class='ocrx_word' id='word_1_11' title='bbox 587 1187 681 1270; x_wconf 90' lang='lat' dir='ltr'>ecti.</span> 
     </span>
    </p>
   </div>
   <div class='ocr_carea' id='block_1_3' title="bbox 622 1508 1790 1901">
    <p class='ocr_par' dir='ltr' id='par_1_3' title="bbox 622 1508 1790 1901">
     <span class='ocr_line' id='line_1_4' title="bbox 1099 1508 1327 1626; baseline -0.018 -2"><span class='ocrx_word' id='word_1_12' title='bbox 1099 1508 1327 1626; x_wconf 83' lang='lat' dir='ltr'>ooxxlv.</span> 
     </span>
     <span class='ocr_line' id='line_1_5' title="bbox 622 1761 1790 1901; baseline 0.001 -55"><span class='ocrx_word' id='word_1_13' title='bbox 622 1762 1110 1848; x_wconf 66' lang='lat' dir='ltr'>”retroactae-dte</span> <span class='ocrx_word' id='word_1_14' title='bbox 1134 1762 1214 1849; x_wconf 75' lang='lat'>20</span> <span class='ocrx_word' id='word_1_15' title='bbox 1239 1764 1436 1901; x_wconf 68' lang='lat' dir='ltr'>Martia</span> <span class='ocrx_word' id='word_1_16' title='bbox 1460 1761 1600 1850; x_wconf 69' lang='lat'>14²4</span> <span class='ocrx_word' id='word_1_17' title='bbox 1626 1784 1790 1888; x_wconf 68' lang='lat' dir='ltr'>uana</span> 
     </span>
    </p>
   </div>
   <div class='ocr_carea' id='block_1_4' title="bbox 382 1931 2023 2282">
    <p class='ocr_par' dir='ltr' id='par_1_4' title="bbox 382 1931 2023 2282">
     <span class='ocr_line' id='line_1_6' title="bbox 383 1931 2021 2080; baseline 0.001 -28"><span class='ocrx_word' id='word_1_18' title='bbox 383 1980 596 2056; x_wconf 60' lang='lat' dir='ltr'>&amp;mentali</span> <span class='ocrx_word' id='word_1_19' title='bbox 624 1983 773 2056; x_wconf 74' lang='lat' dir='ltr'>nunna</span> <span class='ocrx_word' id='word_1_20' title='bbox 795 1984 826 2056; x_wconf 87' lang='lat' dir='ltr'>ir</span> <span class='ocrx_word' id='word_1_21' title='bbox 847 1982 921 2056; x_wconf 79' lang='lat' dir='ltr'>urbe</span> <span class='ocrx_word' id='word_1_22' title='bbox 949 1986 1124 2065; x_wconf 73' lang='lat' dir='ltr'>Wieliczta,</span> <span class='ocrx_word' id='word_1_23' title='bbox 1146 1986 1242 2059; x_wconf 74' lang='lat' dir='ltr'>lucu</span> <span class='ocrx_word' id='word_1_24' title='bbox 1263 1986 1381 2079; x_wconf 66' lang='lat' dir='ltr'>fijaid</span> <span class='ocrx_word' id='word_1_25' title='bbox 1400 1983 1537 2058; x_wconf 78' lang='lat' dir='ltr'>notanus</span> <span class='ocrx_word' id='word_1_26' title='bbox 1557 1983 1693 2057; x_wconf 68' lang='lat' dir='ltr'>buturi</span> <span class='ocrx_word' id='word_1_27' title='bbox 1712 1931 1940 2080; x_wconf 59' lang='lat' dir='ltr'>reclinantem</span> <span class='ocrx_word' id='word_1_28' title='bbox 1952 1999 1973 2056; x_wconf 82' lang='grc' dir='ltr'>ι</span> <span class='ocrx_word' id='word_1_29' title='bbox 1986 1967 2021 2054; x_wconf 81' lang='lat' dir='ltr'>rr</span> 
     </span>
     <span class='ocr_line' id='line_1_7' title="bbox 382 2083 2023 2282; baseline -0.001 -124"><span class='ocrx_word' id='word_1_30' title='bbox 382 2103 458 2176; x_wconf 73' lang='lat' dir='ltr'>opu</span> <span class='ocrx_word' id='word_1_31' title='bbox 478 2089 672 2160; x_wconf 68' lang='lat' dir='ltr'>nonnum</span> <span class='ocrx_word' id='word_1_32' title='bbox 701 2090 910 2177; x_wconf 67' lang='lat' dir='ltr'>quzonakyr</span> <span class='ocrx_word' id='word_1_33' title='bbox 929 2085 1046 2161; x_wconf 67' lang='lat' dir='ltr'>norun</span> <span class='ocrx_word' id='word_1_34' title='bbox 1059 2087 1323 2282; x_wconf 43' lang='lat' dir='ltr'>doppppcptppr</span> <span class='ocrx_word' id='word_1_35' title='bbox 1348 2086 1388 2161; x_wconf 81' lang='lat' dir='ltr'>ot</span> <span class='ocrx_word' id='word_1_36' title='bbox 1411 2104 1534 2186; x_wconf 74' lang='lat' dir='ltr'>aaran</span> <span class='ocrx_word' id='word_1_37' title='bbox 1559 2092 1642 2161; x_wconf 76' lang='lat' dir='ltr'>uror</span> <span class='ocrx_word' id='word_1_38' title='bbox 1664 2105 1699 2159; x_wconf 79' lang='grc' dir='ltr'>ιο</span> <span class='ocrx_word' id='word_1_39' title='bbox 1719 2089 1823 2179; x_wconf 76' lang='lat' dir='ltr'>putor</span> <span class='ocrx_word' id='word_1_40' title='bbox 1847 2101 1918 2177; x_wconf 73' lang='lat' dir='ltr'>ugr</span> <span class='ocrx_word' id='word_1_41' title='bbox 1939 2083 2023 2156; x_wconf 82' lang='lat' dir='ltr'>illan</span> 
     </span>
    </p>
   </div>
   <div class='ocr_carea' id='block_1_5' title="bbox 373 2394 2023 4529">
    <p class='ocr_par' dir='ltr' id='par_1_5' title="bbox 373 2394 2023 4529">
     <span class='ocr_line' id='line_1_8' title="bbox 485 2394 2021 2507; baseline 0 -29"><span class='ocrx_word' id='word_1_42' title='bbox 485 2395 535 2478; x_wconf 92' lang='lat' dir='ltr'>In</span> <span class='ocrx_word' id='word_1_43' title='bbox 565 2398 731 2479; x_wconf 88' lang='lat' dir='ltr'>nomine</span> <span class='ocrx_word' id='word_1_44' title='bbox 763 2398 918 2482; x_wconf 90' lang='lat' dir='ltr'>domini</span> <span class='ocrx_word' id='word_1_45' title='bbox 938 2425 1074 2482; x_wconf 88' lang='lat' dir='ltr'>amen.</span> <span class='ocrx_word' id='word_1_46' title='bbox 1137 2394 1346 2500; x_wconf 84' lang='lat' dir='ltr'>Quoniam</span> <span class='ocrx_word' id='word_1_47' title='bbox 1381 2396 1540 2507; x_wconf 85' lang='lat' dir='ltr'>fragilis</span> <span class='ocrx_word' id='word_1_48' title='bbox 1575 2397 1789 2481; x_wconf 89' lang='lat' dir='ltr'>hominum</span> <span class='ocrx_word' id='word_1_49' title='bbox 1823 2396 2021 2481; x_wconf 87' lang='lat' dir='ltr'>memoria</span> 
     </span>
     <span class='ocr_line' id='line_1_9' title="bbox 382 2513 2022 2626; baseline -0.001 -28"><span class='ocrx_word' id='word_1_50' title='bbox 382 2515 625 2598; x_wconf 76' lang='lat' dir='ltr'>mortalitati</span> <span class='ocrx_word' id='word_1_51' title='bbox 646 2514 839 2598; x_wconf 88' lang='lat' dir='ltr'>subiecta</span> <span class='ocrx_word' id='word_1_52' title='bbox 878 2513 1057 2600; x_wconf 84' lang='lat' dir='ltr'>faciliter</span> <span class='ocrx_word' id='word_1_53' title='bbox 1097 2546 1193 2598; x_wconf 92' lang='lat' dir='ltr'>cum</span> <span class='ocrx_word' id='word_1_54' title='bbox 1229 2527 1418 2626; x_wconf 89' lang='lat' dir='ltr'>tempore</span> <span class='ocrx_word' id='word_1_55' title='bbox 1452 2520 1495 2598; x_wconf 91' lang='lat' dir='ltr'>in</span> <span class='ocrx_word' id='word_1_56' title='bbox 1516 2515 1766 2601; x_wconf 90' lang='lat' dir='ltr'>oblivionem</span> <span class='ocrx_word' id='word_1_57' title='bbox 1802 2516 2022 2614; x_wconf 80' lang='lat' dir='ltr'>deducitur</span> 
     </span>
     <span class='ocr_line' id='line_1_10' title="bbox 383 2633 2022 2721; baseline -0.001 -5"><span class='ocrx_word' id='word_1_58' title='bbox 383 2635 462 2716; x_wconf 91' lang='lat' dir='ltr'>nisi</span> <span class='ocrx_word' id='word_1_59' title='bbox 482 2633 707 2717; x_wconf 88' lang='lat' dir='ltr'>litterarum</span> <span class='ocrx_word' id='word_1_60' title='bbox 729 2635 953 2718; x_wconf 86' lang='lat' dir='ltr'>munimine</span> <span class='ocrx_word' id='word_1_61' title='bbox 974 2634 1101 2718; x_wconf 85' lang='lat' dir='ltr'>fuerit</span> <span class='ocrx_word' id='word_1_62' title='bbox 1119 2634 1331 2720; x_wconf 89' lang='lat' dir='ltr'>roborata.</span> <span class='ocrx_word' id='word_1_63' title='bbox 1393 2634 1572 2721; x_wconf 86' lang='lat' dir='ltr'>Proinde</span> <span class='ocrx_word' id='word_1_64' title='bbox 1592 2663 1668 2720; x_wconf 89' lang='lat' dir='ltr'>nos</span> <span class='ocrx_word' id='word_1_65' title='bbox 1686 2637 1918 2720; x_wconf 85' lang='lat' dir='ltr'>comunitus</span> <span class='ocrx_word' id='word_1_66' title='bbox 1938 2633 2022 2717; x_wconf 85' lang='lat' dir='ltr'>Fa·</span> 
     </span>
     <span class='ocr_line' id='line_1_11' title="bbox 381 2750 2023 2865; baseline -0.001 -29"><span class='ocrx_word' id='word_1_67' title='bbox 381 2751 552 2836; x_wconf 89' lang='lat' dir='ltr'>brorum</span> <span class='ocrx_word' id='word_1_68' title='bbox 572 2755 614 2837; x_wconf 91' lang='lat' dir='ltr'>in</span> <span class='ocrx_word' id='word_1_69' title='bbox 645 2750 876 2864; x_wconf 79' lang='lat' dir='ltr'>Wyelyczlcn</span> <span class='ocrx_word' id='word_1_70' title='bbox 894 2782 1068 2864; x_wconf 82' lang='lat' dir='ltr'>presens</span> <span class='ocrx_word' id='word_1_71' title='bbox 1093 2766 1135 2837; x_wconf 89' lang='lat' dir='ltr'>et</span> <span class='ocrx_word' id='word_1_72' title='bbox 1154 2754 1296 2837; x_wconf 86' lang='lat' dir='ltr'>futura</span> <span class='ocrx_word' id='word_1_73' title='bbox 1321 2757 1673 2865; x_wconf 73' lang='lat' dir='ltr'>recognoscimuS,</span> <span class='ocrx_word' id='word_1_74' title='bbox 1705 2752 1816 2855; x_wconf 79' lang='lat' dir='ltr'>Quia</span> <span class='ocrx_word' id='word_1_75' title='bbox 1843 2756 2023 2840; x_wconf 90' lang='lat' dir='ltr'>honora·</span> 
     </span>
     <span class='ocr_line' id='line_1_12' title="bbox 381 2868 2022 2984; baseline -0.001 -32"><span class='ocrx_word' id='word_1_76' title='bbox 381 2868 478 2952; x_wconf 90' lang='lat' dir='ltr'>bilis</span> <span class='ocrx_word' id='word_1_77' title='bbox 501 2871 690 2956; x_wconf 88' lang='lat' dir='ltr'>dominus</span> <span class='ocrx_word' id='word_1_78' title='bbox 729 2872 871 2957; x_wconf 90' lang='lat' dir='ltr'>Lucas</span> <span class='ocrx_word' id='word_1_79' title='bbox 907 2873 1069 2983; x_wconf 85' lang='lat' dir='ltr'>Fyolek</span> <span class='ocrx_word' id='word_1_80' title='bbox 1090 2874 1406 2957; x_wconf 83' lang='lat' dir='ltr'>Theaaurorum</span> <span class='ocrx_word' id='word_1_81' title='bbox 1441 2873 1662 2984; x_wconf 83' lang='lat' dir='ltr'>Regalium</span> <span class='ocrx_word' id='word_1_82' title='bbox 1703 2874 1900 2958; x_wconf 85' lang='lat' dir='ltr'>notarius.</span> <span class='ocrx_word' id='word_1_83' title='bbox 1961 2870 2022 2956; x_wconf 90' lang='lat' dir='ltr'>Ut</span> 
     </span>
     <span class='ocr_line' id='line_1_13' title="bbox 383 2990 2021 3101; baseline 0 -31"><span class='ocrx_word' id='word_1_84' title='bbox 383 2990 472 3071; x_wconf 88' lang='lat' dir='ltr'>eius</span> <span class='ocrx_word' id='word_1_85' title='bbox 494 3002 599 3099; x_wconf 89' lang='lat' dir='ltr'>aput</span> <span class='ocrx_word' id='word_1_86' title='bbox 618 3001 800 3074; x_wconf 88' lang='lat' dir='ltr'>nostram</span> <span class='ocrx_word' id='word_1_87' title='bbox 820 2994 1123 3077; x_wconf 88' lang='lat' dir='ltr'>comunitatem</span> <span class='ocrx_word' id='word_1_88' title='bbox 1145 2990 1371 3101; x_wconf 81' lang='lat' dir='ltr'>singularis</span> <span class='ocrx_word' id='word_1_89' title='bbox 1402 2992 1611 3076; x_wconf 82' lang='lat' dir='ltr'>habeatur</span> <span class='ocrx_word' id='word_1_90' title='bbox 1642 2994 1839 3077; x_wconf 86' lang='lat' dir='ltr'>memoria</span> <span class='ocrx_word' id='word_1_91' title='bbox 1869 2997 2021 3101; x_wconf 84' lang='lat' dir='ltr'>perpe·</span> 
     </span>
     <span class='ocr_line' id='line_1_14' title="bbox 381 3108 2023 3221; baseline 0.001 -33"><span class='ocrx_word' id='word_1_92' title='bbox 381 3114 457 3188; x_wconf 86' lang='lat' dir='ltr'>tue</span> <span class='ocrx_word' id='word_1_93' title='bbox 477 3110 707 3192; x_wconf 90' lang='lat' dir='ltr'>secundum</span> <span class='ocrx_word' id='word_1_94' title='bbox 733 3108 907 3194; x_wconf 87' lang='lat' dir='ltr'>formam</span> <span class='ocrx_word' id='word_1_95' title='bbox 927 3113 971 3194; x_wconf 93' lang='lat' dir='ltr'>in</span> <span class='ocrx_word' id='word_1_96' title='bbox 991 3109 1128 3194; x_wconf 89' lang='lat' dir='ltr'>littera</span> <span class='ocrx_word' id='word_1_97' title='bbox 1162 3111 1293 3220; x_wconf 88' lang='lat' dir='ltr'>ipsius</span> <span class='ocrx_word' id='word_1_98' title='bbox 1328 3110 1451 3194; x_wconf 89' lang='lat' dir='ltr'>nobis</span> <span class='ocrx_word' id='word_1_99' title='bbox 1487 3138 1613 3221; x_wconf 86' lang='lat' dir='ltr'>super</span> <span class='ocrx_word' id='word_1_100' title='bbox 1647 3111 1729 3194; x_wconf 88' lang='lat' dir='ltr'>hoc</span> <span class='ocrx_word' id='word_1_101' title='bbox 1766 3111 1866 3194; x_wconf 87' lang='lat' dir='ltr'>data</span> <span class='ocrx_word' id='word_1_102' title='bbox 1887 3118 1929 3191; x_wconf 93' lang='lat' dir='ltr'>et</span> <span class='ocrx_word' id='word_1_103' title='bbox 1948 3136 2023 3217; x_wconf 93' lang='lat' dir='ltr'>pe·</span> 
     </span>
     <span class='ocr_line' id='line_1_15' title="bbox 381 3227 2022 3342; baseline 0.003 -35"><span class='ocrx_word' id='word_1_104' title='bbox 381 3251 460 3309; x_wconf 88' lang='lat' dir='ltr'>nos</span> <span class='ocrx_word' id='word_1_105' title='bbox 480 3238 671 3338; x_wconf 88' lang='lat' dir='ltr'>accepta.</span> <span class='ocrx_word' id='word_1_106' title='bbox 703 3229 850 3313; x_wconf 81' lang='lat' dir='ltr'>Eidem</span> <span class='ocrx_word' id='word_1_107' title='bbox 871 3229 1129 3315; x_wconf 80' lang='lat' dir='ltr'>universitati</span> <span class='ocrx_word' id='word_1_108' title='bbox 1149 3240 1291 3313; x_wconf 88' lang='lat' dir='ltr'>nostre</span> <span class='ocrx_word' id='word_1_109' title='bbox 1313 3256 1419 3339; x_wconf 89' lang='lat' dir='ltr'>opus</span> <span class='ocrx_word' id='word_1_110' title='bbox 1439 3241 1707 3314; x_wconf 90' lang='lat' dir='ltr'>montaneum</span> <span class='ocrx_word' id='word_1_111' title='bbox 1739 3228 1852 3342; x_wconf 91' lang='lat' dir='ltr'>quod</span> <span class='ocrx_word' id='word_1_112' title='bbox 1873 3227 2022 3312; x_wconf 90' lang='lat' dir='ltr'>babuir</span> 
     </span>
     <span class='ocr_line' id='line_1_16' title="bbox 380 3343 2023 3460; baseline 0.004 -35"><span class='ocrx_word' id='word_1_113' title='bbox 380 3343 425 3425; x_wconf 91' lang='lat' dir='ltr'>in</span> <span class='ocrx_word' id='word_1_114' title='bbox 445 3347 657 3431; x_wconf 90' lang='lat' dir='ltr'>montibus</span> <span class='ocrx_word' id='word_1_115' title='bbox 679 3348 828 3457; x_wconf 87' lang='lat' dir='ltr'>Zuppe</span> <span class='ocrx_word' id='word_1_116' title='bbox 849 3348 1144 3459; x_wconf 87' lang='lat' dir='ltr'>Wyeliciensis</span> <span class='ocrx_word' id='word_1_117' title='bbox 1165 3348 1393 3433; x_wconf 87' lang='lat' dir='ltr'>Widelicat</span> <span class='ocrx_word' id='word_1_118' title='bbox 1419 3346 1689 3457; x_wconf 76' lang='lat' dir='ltr'>Wuszowskye</span> <span class='ocrx_word' id='word_1_119' title='bbox 1708 3348 1927 3460; x_wconf 87' lang='lat' dir='ltr'>peccunijs</span> <span class='ocrx_word' id='word_1_120' title='bbox 1941 3355 2023 3457; x_wconf 87' lang='lat' dir='ltr'>&#39;pet</span> 
     </span>
     <span class='ocr_line' id='line_1_17' title="bbox 382 3463 2023 3580; baseline 0.004 -36"><span class='ocrx_word' id='word_1_121' title='bbox 382 3463 518 3573; x_wconf 88' lang='lat' dir='ltr'>ipsum</span> <span class='ocrx_word' id='word_1_122' title='bbox 541 3476 729 3578; x_wconf 91' lang='lat' dir='ltr'>emptum</span> <span class='ocrx_word' id='word_1_123' title='bbox 750 3478 792 3548; x_wconf 90' lang='lat' dir='ltr'>et</span> <span class='ocrx_word' id='word_1_124' title='bbox 811 3468 990 3551; x_wconf 88' lang='lat' dir='ltr'>solutum</span> <span class='ocrx_word' id='word_1_125' title='bbox 1009 3468 1126 3550; x_wconf 88' lang='lat' dir='ltr'>dedit</span> <span class='ocrx_word' id='word_1_126' title='bbox 1148 3468 1320 3552; x_wconf 88' lang='lat' dir='ltr'>donavit</span> <span class='ocrx_word' id='word_1_127' title='bbox 1353 3479 1567 3577; x_wconf 87' lang='lat' dir='ltr'>perpetue.</span> <span class='ocrx_word' id='word_1_128' title='bbox 1597 3469 1705 3553; x_wconf 84' lang='lat' dir='ltr'>&#39;Nos</span> <span class='ocrx_word' id='word_1_129' title='bbox 1734 3492 1905 3580; x_wconf 89' lang='lat' dir='ltr'>qunque</span> <span class='ocrx_word' id='word_1_130' title='bbox 1927 3494 2023 3578; x_wconf 84' lang='lat' dir='ltr'>grar</span> 
     </span>
     <span class='ocr_line' id='line_1_18' title="bbox 380 3585 2023 3695; baseline 0.005 -31"><span class='ocrx_word' id='word_1_131' title='bbox 380 3590 471 3664; x_wconf 83' lang='lat' dir='ltr'>tam</span> <span class='ocrx_word' id='word_1_132' title='bbox 492 3594 535 3666; x_wconf 91' lang='lat' dir='ltr'>et</span> <span class='ocrx_word' id='word_1_133' title='bbox 555 3594 777 3695; x_wconf 87' lang='lat' dir='ltr'>acceptam</span> <span class='ocrx_word' id='word_1_134' title='bbox 798 3585 1071 3672; x_wconf 87' lang='lat' dir='ltr'>donacionem</span> <span class='ocrx_word' id='word_1_135' title='bbox 1093 3587 1331 3670; x_wconf 86' lang='lat' dir='ltr'>huiusmodi</span> <span class='ocrx_word' id='word_1_136' title='bbox 1372 3588 1569 3672; x_wconf 90' lang='lat' dir='ltr'>habendo</span> <span class='ocrx_word' id='word_1_137' title='bbox 1592 3585 1895 3670; x_wconf 85' lang='lat' dir='ltr'>deliberacione</span> <span class='ocrx_word' id='word_1_138' title='bbox 1915 3588 2023 3672; x_wconf 83' lang='lat' dir='ltr'>inter</span> 
     </span>
     <span class='ocr_line' id='line_1_19' title="bbox 380 3701 2022 3817; baseline 0 -33"><span class='ocrx_word' id='word_1_139' title='bbox 380 3727 458 3786; x_wconf 87' lang='lat' dir='ltr'>nos</span> <span class='ocrx_word' id='word_1_140' title='bbox 479 3701 705 3812; x_wconf 89' lang='lat' dir='ltr'>prehabita</span> <span class='ocrx_word' id='word_1_141' title='bbox 725 3704 781 3786; x_wconf 94' lang='lat' dir='ltr'>ad</span> <span class='ocrx_word' id='word_1_142' title='bbox 800 3704 1074 3789; x_wconf 81' lang='lat' dir='ltr'>Tricesimum</span> <span class='ocrx_word' id='word_1_143' title='bbox 1097 3706 1151 3817; x_wconf 81' lang='lat'>(²)</span> <span class='ocrx_word' id='word_1_144' title='bbox 1172 3706 1264 3790; x_wconf 89' lang='lat' dir='ltr'>loco</span> <span class='ocrx_word' id='word_1_145' title='bbox 1301 3706 1582 3816; x_wconf 85' lang='lat' dir='ltr'>Anniversarij</span> <span class='ocrx_word' id='word_1_146' title='bbox 1604 3716 1653 3789; x_wconf 91' lang='lat' dir='ltr'>ut</span> <span class='ocrx_word' id='word_1_147' title='bbox 1671 3707 1715 3788; x_wconf 91' lang='lat' dir='ltr'>in</span> <span class='ocrx_word' id='word_1_148' title='bbox 1734 3707 1873 3789; x_wconf 88' lang='lat' dir='ltr'>littera</span> <span class='ocrx_word' id='word_1_149' title='bbox 1895 3705 2022 3815; x_wconf 83' lang='lat' dir='ltr'>origi-</span> 
     </span>
     <span class='ocr_line' id='line_1_20' title="bbox 384 3820 2023 3936; baseline 0.002 -35"><span class='ocrx_word' id='word_1_150' title='bbox 384 3820 469 3905; x_wconf 86' lang='lat' dir='ltr'>nali</span> <span class='ocrx_word' id='word_1_151' title='bbox 489 3850 565 3904; x_wconf 89' lang='lat' dir='ltr'>sue</span> <span class='ocrx_word' id='word_1_152' title='bbox 583 3824 844 3935; x_wconf 83' lang='lat' dir='ltr'>paternitatis</span> <span class='ocrx_word' id='word_1_153' title='bbox 886 3825 1066 3936; x_wconf 89' lang='lat' dir='ltr'>desuper</span> <span class='ocrx_word' id='word_1_154' title='bbox 1096 3822 1292 3908; x_wconf 82' lang='lat' dir='ltr'>confecta</span> <span class='ocrx_word' id='word_1_155' title='bbox 1326 3840 1392 3908; x_wconf 91' lang='lat' dir='ltr'>est</span> <span class='ocrx_word' id='word_1_156' title='bbox 1428 3826 1696 3935; x_wconf 88' lang='lat' dir='ltr'>descriptum.</span> <span class='ocrx_word' id='word_1_157' title='bbox 1755 3825 1843 3910; x_wconf 88' lang='lat' dir='ltr'>Nos</span> <span class='ocrx_word' id='word_1_158' title='bbox 1865 3831 1908 3905; x_wconf 87' lang='lat' dir='ltr'>ct</span> <span class='ocrx_word' id='word_1_159' title='bbox 1927 3849 2023 3906; x_wconf 90' lang='lat' dir='ltr'>suo-</span> 
     </span>
     <span class='ocr_line' id='line_1_21' title="bbox 373 3939 2023 4056; baseline 0.004 -36"><span class='ocrx_word' id='word_1_160' title='bbox 373 3964 572 4026; x_wconf 47' lang='lat' dir='ltr'>*cessores</span> <span class='ocrx_word' id='word_1_161' title='bbox 593 3952 758 4027; x_wconf 91' lang='lat' dir='ltr'>nostros</span> <span class='ocrx_word' id='word_1_162' title='bbox 781 3943 1017 4056; x_wconf 82' lang='lat' dir='ltr'>obligamus</span> <span class='ocrx_word' id='word_1_163' title='bbox 1039 3953 1082 4027; x_wconf 88' lang='lat' dir='ltr'>et</span> <span class='ocrx_word' id='word_1_164' title='bbox 1101 3945 1373 4054; x_wconf 85' lang='lat' dir='ltr'>astringimus</span> <span class='ocrx_word' id='word_1_165' title='bbox 1409 3944 1489 4029; x_wconf 89' lang='lat' dir='ltr'>sub</span> <span class='ocrx_word' id='word_1_166' title='bbox 1525 3939 1786 4028; x_wconf 85' lang='lat' dir='ltr'>consciencia</span> <span class='ocrx_word' id='word_1_167' title='bbox 1818 3942 2023 4052; x_wconf 85' lang='lat' dir='ltr'>prasenti-</span> 
     </span>
     <span class='ocr_line' id='line_1_22' title="bbox 382 4055 2022 4173; baseline 0 -31"><span class='ocrx_word' id='word_1_168' title='bbox 382 4055 463 4142; x_wconf 89' lang='lat' dir='ltr'>bus</span> <span class='ocrx_word' id='word_1_169' title='bbox 485 4064 682 4145; x_wconf 85' lang='lat' dir='ltr'>eviterne.</span> <span class='ocrx_word' id='word_1_170' title='bbox 742 4062 898 4146; x_wconf 90' lang='lat' dir='ltr'>Datum</span> <span class='ocrx_word' id='word_1_171' title='bbox 919 4067 961 4147; x_wconf 91' lang='lat' dir='ltr'>in</span> <span class='ocrx_word' id='word_1_172' title='bbox 990 4059 1213 4173; x_wconf 77' lang='lat' dir='ltr'>Wyclr&#39;czlru</span> <span class='ocrx_word' id='word_1_173' title='bbox 1232 4061 1335 4146; x_wconf 87' lang='lat' dir='ltr'>feria</span> <span class='ocrx_word' id='word_1_174' title='bbox 1357 4072 1508 4171; x_wconf 88' lang='lat' dir='ltr'>quarta</span> <span class='ocrx_word' id='word_1_175' title='bbox 1534 4065 1626 4173; x_wconf 88' lang='lat' dir='ltr'>ipso</span> <span class='ocrx_word' id='word_1_176' title='bbox 1648 4062 1712 4145; x_wconf 87' lang='lat' dir='ltr'>die</span> <span class='ocrx_word' id='word_1_177' title='bbox 1734 4061 1869 4144; x_wconf 87' lang='lat' dir='ltr'>sancti</span> <span class='ocrx_word' id='word_1_178' title='bbox 1891 4058 2022 4148; x_wconf 86' lang='lat' dir='ltr'>Gum-</span> 
     </span>
     <span class='ocr_line' id='line_1_23' title="bbox 382 4179 2023 4294; baseline 0.001 -35"><span class='ocrx_word' id='word_1_179' title='bbox 382 4180 490 4286; x_wconf 89' lang='lat' dir='ltr'>perti</span> <span class='ocrx_word' id='word_1_180' title='bbox 518 4179 641 4266; x_wconf 85' lang='lat' dir='ltr'>Anno</span> <span class='ocrx_word' id='word_1_181' title='bbox 665 4182 818 4266; x_wconf 90' lang='lat' dir='ltr'>domini</span> <span class='ocrx_word' id='word_1_182' title='bbox 839 4182 1054 4266; x_wconf 89' lang='lat' dir='ltr'>Millesimo</span> <span class='ocrx_word' id='word_1_183' title='bbox 1076 4182 1491 4294; x_wconf 84' lang='lat' dir='ltr'>quadringentesimo</span> <span class='ocrx_word' id='word_1_184' title='bbox 1522 4182 1835 4292; x_wconf 84' lang='lat' dir='ltr'>septuagesimo</span> <span class='ocrx_word' id='word_1_185' title='bbox 1858 4188 2023 4288; x_wconf 87' lang='lat' dir='ltr'>quarto.</span> 
     </span>
     <span class='ocr_line' id='line_1_24' title="bbox 381 4294 2019 4386; baseline -0.004 -2"><span class='ocrx_word' id='word_1_186' title='bbox 381 4295 654 4384; x_wconf 88' lang='lat' dir='ltr'>Presentibus</span> <span class='ocrx_word' id='word_1_187' title='bbox 693 4300 869 4384; x_wconf 85' lang='lat' dir='ltr'>Nicolao</span> <span class='ocrx_word' id='word_1_188' title='bbox 910 4300 1096 4386; x_wconf 90' lang='lat' dir='ltr'>Barbato</span> <span class='ocrx_word' id='word_1_189' title='bbox 1137 4299 1346 4385; x_wconf 84' lang='lat' dir='ltr'>Stanislao</span> <span class='ocrx_word' id='word_1_190' title='bbox 1387 4301 1564 4385; x_wconf 85' lang='lat' dir='ltr'>Firnest.</span> <span class='ocrx_word' id='word_1_191' title='bbox 1599 4299 1806 4386; x_wconf 82' lang='lat' dir='ltr'>Stanislao</span> <span class='ocrx_word' id='word_1_192' title='bbox 1851 4294 2019 4381; x_wconf 80' lang='lat' dir='ltr'>Clrwala.</span> 
     </span>
     <span class='ocr_line' id='line_1_25' title="bbox 383 4412 2023 4529; baseline 0 -30"><span class='ocrx_word' id='word_1_193' title='bbox 383 4412 581 4501; x_wconf 81' lang='lat' dir='ltr'>Johanne</span> <span class='ocrx_word' id='word_1_194' title='bbox 604 4417 801 4529; x_wconf 86' lang='lat' dir='ltr'>Schynal.</span> <span class='ocrx_word' id='word_1_195' title='bbox 833 4419 1041 4506; x_wconf 84' lang='lat' dir='ltr'>Stanislao</span> <span class='ocrx_word' id='word_1_196' title='bbox 1077 4420 1238 4528; x_wconf 85' lang='lat' dir='ltr'>Harny.</span> <span class='ocrx_word' id='word_1_197' title='bbox 1284 4417 1456 4505; x_wconf 84' lang='lat' dir='ltr'>Andrea</span> <span class='ocrx_word' id='word_1_198' title='bbox 1494 4417 1670 4523; x_wconf 63' lang='lat' dir='ltr'>Galo-rto</span> <span class='ocrx_word' id='word_1_199' title='bbox 1706 4416 1956 4503; x_wconf 79' lang='lat' dir='ltr'>Consulibus</span> <span class='ocrx_word' id='word_1_200' title='bbox 1978 4427 2023 4500; x_wconf 88' lang='lat' dir='ltr'>et</span> 
     </span>
    </p>
   </div>
   <div class='ocr_carea' id='block_1_6' title="bbox 383 4532 2167 4647">
    <p class='ocr_par' dir='ltr' id='par_1_6' title="bbox 383 4532 2167 4647">
     <span class='ocr_line' id='line_1_26' title="bbox 383 4532 2167 4647; baseline 0 -29"><span class='ocrx_word' id='word_1_201' title='bbox 383 4534 474 4647; x_wconf 84' lang='lat' dir='ltr'>alijs</span> <span class='ocrx_word' id='word_1_202' title='bbox 494 4535 693 4621; x_wconf 84' lang='lat' dir='ltr'>fratribus</span> <span class='ocrx_word' id='word_1_203' title='bbox 715 4538 993 4626; x_wconf 84' lang='lat' dir='ltr'>Comunitatis</span> <span class='ocrx_word' id='word_1_204' title='bbox 1014 4550 1155 4625; x_wconf 87' lang='lat' dir='ltr'>nostre</span> <span class='ocrx_word' id='word_1_205' title='bbox 1178 4537 1371 4623; x_wconf 88' lang='lat' dir='ltr'>omnibus</span> <span class='ocrx_word' id='word_1_206' title='bbox 1388 4540 1576 4626; x_wconf 87' lang='lat' dir='ltr'>eiusdem</span> <span class='ocrx_word' id='word_1_207' title='bbox 1591 4537 1860 4623; x_wconf 83' lang='lat' dir='ltr'>fraternitatis</span> <span class='ocrx_word' id='word_1_208' title='bbox 1876 4544 2018 4622; x_wconf 87' lang='lat' dir='ltr'>nostre</span> <span class='ocrx_word' id='word_1_209' title='bbox 2163 4532 2167 4539; x_wconf 73' lang='grc'>’</span> 
     </span>
    </p>
   </div>
   <div class='ocr_carea' id='block_1_7' title="bbox 335 4655 633 4769">
    <p class='ocr_par' dir='ltr' id='par_1_7' title="bbox 335 4655 633 4769">
     <span class='ocr_line' id='line_1_27' title="bbox 335 4655 633 4769; baseline 0.013 -33"><span class='ocrx_word' id='word_1_210' title='bbox 335 4743 339 4754; x_wconf 56' lang='grc'>,</span> <span class='ocrx_word' id='word_1_211' title='bbox 384 4655 466 4739; x_wconf 86' lang='lat' dir='ltr'>sub</span> <span class='ocrx_word' id='word_1_212' title='bbox 486 4656 633 4769; x_wconf 82' lang='lat' dir='ltr'>sigillo.</span> 
     </span>
    </p>
   </div>
   <div class='ocr_carea' id='block_1_8' title="bbox 386 4854 2018 5114">
    <p class='ocr_par' dir='ltr' id='par_1_8' title="bbox 386 4854 2018 5114">
     <span class='ocr_line' id='line_1_28' title="bbox 490 4854 2018 4943; baseline 0.001 -22"><span class='ocrx_word' id='word_1_213' title='bbox 490 4857 528 4938; x_wconf 77' lang='lat' dir='ltr'>(1l</span> <span class='ocrx_word' id='word_1_214' title='bbox 551 4856 709 4924; x_wconf 86' lang='lat' dir='ltr'>Tabulam</span> <span class='ocrx_word' id='word_1_215' title='bbox 723 4857 890 4924; x_wconf 88' lang='lat' dir='ltr'>habuimus</span> <span class='ocrx_word' id='word_1_216' title='bbox 906 4857 939 4922; x_wconf 91' lang='lat' dir='ltr'>in</span> <span class='ocrx_word' id='word_1_217' title='bbox 955 4855 1134 4943; x_wconf 83' lang='lat' dir='ltr'>archetypo</span> <span class='ocrx_word' id='word_1_218' title='bbox 1149 4881 1168 4920; x_wconf 90' lang='lat' dir='ltr'>a</span> <span class='ocrx_word' id='word_1_219' title='bbox 1179 4857 1369 4925; x_wconf 86' lang='lat' dir='ltr'>doctissimo</span> <span class='ocrx_word' id='word_1_220' title='bbox 1383 4855 1566 4924; x_wconf 83' lang='lat' dir='ltr'>Venaeslao</span> <span class='ocrx_word' id='word_1_221' title='bbox 1576 4856 1763 4923; x_wconf 84' lang='lat' dir='ltr'>Alexandro</span> <span class='ocrx_word' id='word_1_222' title='bbox 1782 4854 2018 4942; x_wconf 85' lang='lat' dir='ltr'>Maciejovscio</span> 
     </span>
     <span class='ocr_line' id='line_1_29' title="bbox 386 4941 1816 5092; baseline -0.003 -82"><span class='ocrx_word' id='word_1_223' title='bbox 386 4943 481 5011; x_wconf 81' lang='lat' dir='ltr'>nobis</span> <span class='ocrx_word' id='word_1_224' title='bbox 496 4947 743 5008; x_wconf 86' lang='lat' dir='ltr'>communicato.</span> <span class='ocrx_word' id='word_1_225' title='bbox 768 4943 953 5030; x_wconf 83' lang='lat' dir='ltr'>Descripsit</span> <span class='ocrx_word' id='word_1_226' title='bbox 967 4941 1051 5042; x_wconf 77' lang='lat' dir='ltr'>illam</span> <span class='ocrx_word' id='word_1_227' title='bbox 1068 4943 1136 5007; x_wconf 83' lang='lat' dir='ltr'>Leo</span> <span class='ocrx_word' id='word_1_228' title='bbox 1154 4943 1416 5042; x_wconf 58' lang='lat' dir='ltr'>ldzyszczewslri.</span> <span class='ocrx_word' id='word_1_229' title='bbox 1440 4941 1590 5092; x_wconf 59' lang='lat' dir='ltr'>Sipillum</span> <span class='ocrx_word' id='word_1_230' title='bbox 1605 4941 1816 5039; x_wconf 78' lang='lat' dir='ltr'>desideratur.</span> 
     </span>
     <span class='ocr_line' id='line_1_30' title="bbox 491 5026 1789 5114; baseline -0.004 -20"><span class='ocrx_word' id='word_1_231' title='bbox 491 5027 532 5111; x_wconf 81' lang='lat'>(²)</span> <span class='ocrx_word' id='word_1_232' title='bbox 554 5026 647 5094; x_wconf 86' lang='lat' dir='ltr'>Conf.</span> <span class='ocrx_word' id='word_1_233' title='bbox 663 5026 703 5093; x_wconf 87' lang='lat' dir='ltr'>de</span> <span class='ocrx_word' id='word_1_234' title='bbox 718 5029 782 5095; x_wconf 88' lang='lat' dir='ltr'>hoc</span> <span class='ocrx_word' id='word_1_235' title='bbox 799 5030 1070 5111; x_wconf 79' lang='lat' dir='ltr'>verbo,Le11con</span> <span class='ocrx_word' id='word_1_236' title='bbox 1088 5027 1211 5093; x_wconf 79' lang='lat' dir='ltr'>medrus</span> <span class='ocrx_word' id='word_1_237' title='bbox 1226 5028 1394 5095; x_wconf 74' lang='lat' dir='ltr'>latinitatis</span> <span class='ocrx_word' id='word_1_238' title='bbox 1412 5032 1478 5111; x_wconf 82' lang='lat' dir='ltr'>[aut</span> <span class='ocrx_word' id='word_1_239' title='bbox 1503 5049 1557 5093; x_wconf 89' lang='lat' dir='ltr'>ore</span> <span class='ocrx_word' id='word_1_240' title='bbox 1571 5027 1625 5092; x_wconf 89' lang='lat' dir='ltr'>Du</span> <span class='ocrx_word' id='word_1_241' title='bbox 1642 5027 1789 5114; x_wconf 79' lang='lat' dir='ltr'>cangro).</span> 
     </span>
    </p>
   </div>
   <div class='ocr_carea' id='block_1_9' title="bbox 540 5111 1958 5262">
    <p class='ocr_par' dir='ltr' id='par_1_9' title="bbox 540 5111 1958 5262">
     <span class='ocr_line' id='line_1_31' title="bbox 540 5111 1958 5262; baseline 0.001 -75"><span class='ocrx_word' id='word_1_242' title='bbox 540 5146 622 5189; x_wconf 61' lang='lat' dir='ltr'>ianua</span> <span class='ocrx_word' id='word_1_243' title='bbox 635 5146 675 5186; x_wconf 83' lang='lat' dir='ltr'>lli.</span> <span class='ocrx_word' id='word_1_244' title='bbox 694 5227 700 5239; x_wconf 33' lang='grc' dir='ltr'>ι</span> <span class='ocrx_word' id='word_1_245' title='bbox 1021 5215 1033 5234; x_wconf 41' lang='lat'>⁸</span> <span class='ocrx_word' id='word_1_246' title='bbox 1784 5111 1823 5175; x_wconf 57' lang='grc' dir='ltr'>ὅτ</span> <span class='ocrx_word' id='word_1_247' title='bbox 1910 5159 1958 5262; x_wconf 47' lang='lat' dir='ltr'>q</span> 
     </span>
    </p>
   </div>
   <div class='ocr_carea' id='block_1_10' title="bbox 0 0 2713 6308">
    <p class='ocr_par' dir='ltr' id='par_1_10' title="bbox 0 0 2713 6308">
     <span class='ocr_line' id='line_1_32' title="bbox 0 0 2713 6308; baseline 0 0"><span class='ocrx_word' id='word_1_248' title='bbox 0 0 2713 6308; x_wconf 95' lang='lat' dir='ltr'> </span> 
     </span>
    </p>
   </div>
  </div>
 </body>
</html>
