5409 6309
1375 847 1652 925 *380³

690 1052 791 1135 citer
811 1052 974 1161 placere
995 1049 1156 1136 meruit.
1180 1059 1223 1133 et
1241 1050 1284 1132 in
1304 1046 1490 1135 firturum
1526 1057 1654 1136 aucto
1676 1047 1889 1138 fidelitatis
1909 1048 2050 1134 studio
2070 1051 2336 1160 prestancius
2475 1043 2481 1060 '

691 1174 846 1282 poterit
865 1169 1141 1281 complacere.
1175 1166 1365 1270 Quorum
1385 1169 1541 1254 intuitu
1559 1169 1748 1256 volentes
1770 1159 1922 1279 ¹ipsum
1957 1168 2151 1280 specialis
2188 1169 2334 1281 gracie

687 1292 889 1400 prosequi
908 1287 1137 1375 fauoribus.
1161 1299 1206 1373 et
1225 1290 1281 1372 ad
1303 1290 1511 1398 obsequia
1529 1298 1675 1374 nostra
1695 1287 1870 1371 reddere
1886 1288 2084 1374 continuo
2101 1289 2338 1399 prompcio·

687 1436 786 1492 rem.
821 1407 913 1493 Sibi
932 1410 1107 1521 eiusque
1128 1410 1341 1520 germanis
1361 1407 1573 1511 fratribus,
1608 1407 1751 1492 liberis
1784 1415 1828 1490 et
1848 1406 2165 1493 successoribus
2196 1407 2334 1519 legiti-

576 1621 579 1628 ,
689 1529 779 1634 mis,
800 1530 1023 1611 uastitates
1040 1526 1168 1611 siluas
1189 1536 1233 1610 et
1251 1555 1425 1613 nemora
1451 1539 1606 1631 nostra,
1643 1528 1695 1610 de
1732 1526 1888 1636 quibus
1924 1528 2030 1612 alias
2065 1527 2179 1611 nulla
2213 1526 2336 1616 nobis

690 1648 875 1731 cedebat
893 1648 1051 1730 utilitas
1071 1649 1115 1728 in
1135 1657 1245 1729 terra
1266 1646 1596 1732 Sandomiricnsi
1617 1654 1661 1729 et
1682 1646 1873 1729 districtu
1901 1639 2193 1751 Radamiensi,
2223 1673 2276 1729 ac
2294 1646 2339 1728 in

690 1766 908 1872 Swarzina,
947 1762 1219 1879 Cimncstrupa
1253 1777 1296 1851 et
1334 1762 1554 1876 Campona
1589 1763 1828 1849 fluminibus
1859 1765 1940 1847 sita
1976 1765 2209 1850 cumomni
2232 1764 2339 1874 jure,

691 1885 887 1991 dominic,
903 1897 947 1969 et
964 1886 1220 1996 proprietate
1241 1885 1296 1969 ad
1316 1886 1519 1971 locandas
1548 1885 1644 1995 jure
1674 1879 1940 1970 Theotunico
1970 1885 2100 1989 villas,
2134 1893 2176 1967 et
2194 1884 2340 1969 laneos

688 2002 965 2110 franconicos,
988 2005 1039 2088 de
1059 2031 1181 2089 nowa
1204 2006 1347 2088 radice
1368 2005 1460 2087 sine
1478 2015 1622 2087 tamen
1637 2001 1866 2113 preiudicio
1898 2003 2070 2088 aliarum
2100 2003 2257 2086 circum
2286 2000 2339 2085 fi·
2381 2013 2384 2018 ‘

690 2126 886 2209 nancium
908 2124 1199 2209 hereditatum.
1222 2153 1275 2209 ex
1293 2133 1476 2232 utraque
1495 2132 1615 2234 parte
1639 2124 1868 2209 eorundem
1880 2122 2121 2227 fluuiorum,
2154 2150 2252 2206 cum
2276 2121 2339 2205 di-

689 2244 976 2330 mensionibus
998 2239 1059 2326 dte
1080 2242 1310 2355 vulgariter
1331 2244 1454 2326 dictis
1478 2242 1722 2353 extirpandi,
1746 2243 1797 2324 de
1826 2242 1971 2325 innata
1991 2239 2089 2356 (sic)
2109 2241 2232 2327 nobis
2255 2240 2340 2324 cel·

689 2364 882 2446 situdinis
904 2363 1144 2467 clemencia,
1168 2362 1330 2468 damus,
1354 2359 1605 2446 conferimus
1625 2359 1849 2445 liberaliter
1881 2371 1924 2444 et
1954 2360 2173 2446 donamus.
2208 2360 2340 2445 dona-

688 2483 755 2567 cio
777 2479 874 2594 (sic)
895 2490 1105 2596 perpetua
1139 2488 1183 2564 et
1208 2482 1251 2564 in
1273 2510 1389 2585 cwm,
1416 2479 1618 2564 facientes
1649 2482 1762 2592 ipsos
1777 2508 1901 2566 veros
1917 2482 2182 2593 etlegitimos
2197 2480 2342 2566 huius·

689 2602 805 2686 modi
823 2602 1016 2686 villarum
1035 2600 1320 2686 locandarum.
1345 2609 1388 2684 at
1400 2600 1616 2684 laneorum
1636 2600 1679 2683 in
1693 2603 1945 2712 prenarratis
1961 2600 2077 2684 siluis
2099 2609 2143 2683 et
2160 2600 2340 2685 nemori·
2480 2639 2484 2647 ·

691 2720 773 2804 bus
816 2729 860 2803 et
901 2722 1119 2833 signanter
1148 2720 1191 2803 in
1213 2717 1454 2804 fluminibus
1487 2718 1702 2825 Swu'rzina,
1738 2716 2016 2833 Zimnustrapa
2050 2729 2092 2801 et
2123 2707 2342 2831 Camycnca

690 2840 781 2923 sine
815 2840 1048 2950 preiudicio
1089 2838 1263 2924 aliarum
1300 2839 1687 2923 circumfluancium
1721 2837 2017 2946 hereditatum,
2052 2849 2102 2923 ut
2134 2837 2341 2949 prefertur

687 2959 1042 3069 extirpandorum,
1062 2967 1374 3069 perpetuosque
1395 2985 1676 3069 possessores.
1724 2954 1843 3059 Quas
1866 2959 2038 3067 quidem
2057 2957 2176 3043 villas
2209 2967 2251 3042 et
2275 2957 2341 3042 la-

688 3105 791 3163 neos
811 3077 1014 3164 inibidem
1042 3086 1090 3161 ut
1116 3079 1370 3189 premittitur
1401 3078 1635 3188 extirpandi
1671 3087 1714 3161 et
1746 3077 1914 3163 lucendi
1952 3106 2049 3163 cum
2084 3076 2278 3162 omnibus
2300 3087 2344 3162 et

688 3198 866 3309 singulis
887 3196 1152 3303 utilitatibus,
1173 3194 1394 3302 fructibus,
1413 3196 1702 3308 prouentibus,
1724 3196 1934 3298 censibus,
1949 3196 2199 3302 redditibus,
2215 3198 2343 3311 agris,

684 3319 829 3427 pratis,
850 3316 1023 3427 campis,
1043 3318 1225 3429 pascuis,
1246 3315 1375 3421 siluis,
1394 3316 1542 3422 borris,
1563 3318 1818 3421 nemoribus,
1850 3317 1972 3429 gaijs,
2004 3317 2183 3419 maricis,
2216 3323 2341 3427 quer·

687 3439 806 3541 cetis,
824 3437 1033 3547 virgultis,
1054 3434 1369 3540 venacionibus,
1391 3436 1765 3549 aucupacionibus,
1801 3436 2031 3547 mellificijs,
2048 3436 2231 3548 piscinis,
2251 3438 2340 3546 pis·

623 3605 625 3612 ·
688 3558 859 3660 caturis,
878 3554 1070 3660 lacubus,
1091 3555 1330 3667 paludibus,
1351 3555 1613 3660 molendinis,
1635 3557 1785 3667 fluvijs,
1815 3557 1936 3658 riuis,
1968 3558 2091 3670 aquis
2123 3563 2165 3639 et
2196 3584 2341 3639 aarum

689 3673 949 3777 decursibus,
991 3704 1042 3758 ac
1065 3673 1334 3783 coherenoijs,
1365 3675 1648 3786 pertinencijs.
1666 3686 1714 3760 et
1733 3676 1953 3788 appendijs
1980 3675 2183 3760 universis
2204 3674 2341 3759 adibi-

690 3794 786 3875 dem
808 3793 997 3903 quolibet
1012 3792 1110 3909 (sic)
1132 3794 1187 3878 ab
1210 3794 1392 3901 antiquo
1414 3794 1719 3904 spectantibus,
1740 3796 1866 3905 ydem
1887 3790 2064 3880 Zaklica
2085 3822 2182 3878 cum
2201 3792 2338 3878 fratri·

514 3919 529 3952 ⁶
686 3911 780 4014 bus,
803 3939 1031 4024 eorumque
1050 3913 1170 3998 liberi
1191 3940 1243 3993 ac
1263 3938 1534 3998 successores
1563 3913 1743 4027 legitimi
1762 3913 1984 3999 hebebunt
2006 3913 2102 4029 (sic)
2124 3914 2341 4019 tenebunt,

689 4029 950 4135 utifruentur,
971 4034 1168 4138 vendent,
1190 4032 1479 4138 comutabunt,
1516 4031 1780 4147 obligabunt,
1816 4034 2072 4137 alienabunt,
2110 4031 2342 4140 donabunt,
2455 4087 2460 4113 .

689 4160 732 4235 et
753 4151 810 4233 ad
830 4178 933 4234 usus
954 4149 1242 4264 beneplacitos
1280 4152 1331 4233 de
1363 4163 1507 4238 nostra
1541 4154 1756 4238 voluntate
1793 4165 2051 4259 conuertent,
2088 4181 2139 4237 ac
2159 4152 2340 4264 pacifice

688 4274 902 4382 perpetuis
923 4273 1183 4383 temporibus
1203 4271 1493 4382 possidebunt,
1514 4283 1641 4385 prout
1661 4275 1762 4385 ipsis
1783 4274 1930 4358 melius
1952 4284 1995 4358 et
2013 4274 2155 4359 utilius
2175 4271 2344 4358 videbi«

504 4409 528 4472 .·
687 4405 756 4475 tur
775 4391 984 4502 expedire.
1015 4390 1084 4475 Ita
1103 4404 1247 4477 tamen
1269 4393 1386 4499 quod
1405 4394 1574 4479 racione
1596 4394 1840 4478 donacionis
1864 4394 2064 4498 eiusdem,
2087 4394 2138 4475 de
2161 4392 2340 4501 quibus-

688 4509 794 4593 libet
812 4512 987 4622 triginta
1005 4513 1136 4597 laneis
1157 4514 1201 4596 in
1220 4514 1522 4622 prenominatis
1543 4513 1670 4617 siluis,
1686 4513 1928 4599 nemoribus
1946 4523 1988 4596 et
2002 4509 2244 4598 fluminibus
2264 4539 2340 4621 per

688 4628 802 4748 ipsos
825 4631 876 4710 de
896 4659 1017 4717 nowa
1037 4634 1178 4716 radice
1200 4630 1468 4738 collocandis,
1505 4658 1603 4715 cum
1632 4662 1719 4717 una
1737 4633 1899 4739 lancea,
1936 4632 1990 4715 de
2021 4629 2174 4745 viginti
2195 4640 2339 4716 autem
2447 4613 2455 4629 ⁸

690 4746 821 4830 laneis
842 4776 939 4830 cum
962 4750 1140 4858 duobus,
1163 4760 1207 4834 at
1228 4751 1279 4834 de
1302 4751 1449 4834 decem
1471 4780 1568 4834 cum
1588 4781 1672 4840 uno
1695 4752 1926 4865 sagittarijs
1946 4753 1990 4834 in
2006 4754 2129 4865 equis
2151 4759 2193 4833 et
2214 4751 2339 4835 armis

689 4866 1059 4954 benevalentibus
1079 4871 1201 4957 nobis
1223 4878 1266 4954 ct
1286 4871 1439 4954 nostris
1468 4872 1784 4958 successoribus
1820 4873 1976 4957 seruire
2011 4870 2268 4957 tenebuntur
2296 4879 2339 4953 et

552 5038 555 5046 ·
689 4986 920 5075 debebunt.
949 4986 1113 5073 Harum
1134 4984 1326 5105 (quibus)
1347 4989 1531 5100 sigillum
1551 5002 1738 5078 nostrum
1760 5020 1995 5104 appensum
2015 5002 2081 5077 est
2097 4988 2335 5076 testimonio
