5409 6309
1288 815 1671 929 '-lrn-

707 1070 848 1153 uicum
868 1059 1241 1174 Magdeburgense
1263 1057 1319 1144 ab
1339 1059 1514 1170 antiquo
1528 1058 1785 1142 consenserit
1803 1056 2175 1172 (consueverunt‘l)
2196 1066 2360 1172 pertur-

708 1186 825 1273 bare.
871 1184 921 1269 In
944 1183 1063 1292 cujus
1084 1180 1143 1282 rei
1167 1178 1420 1264 evidentiam
1454 1179 1680 1288 pleniorem
1712 1187 1754 1262 et
1773 1179 2056 1262 testimonium
2076 1179 2163 1264 fide
2183 1181 2360 1293 dignum

707 1303 1002 1418 praesentibus
1025 1300 1208 1412 sigillum
1230 1328 1371 1383 meum
1391 1308 1456 1381 est
1477 1326 1723 1410 appensum.
1761 1298 1915 1385 Actum
1939 1309 1981 1382 et
2002 1298 2148 1383 datum
2168 1301 2210 1382 in
2233 1300 2358 1385 domo

706 1435 827 1508 mea'e
862 1421 1134 1505 habitationis
1154 1420 1199 1499 in
1220 1417 1385 1503 Octava
1407 1418 1451 1504 S.
1473 1417 1740 1530 Margaritae,
1770 1420 1812 1501 in
1847 1417 1971 1503 Nova
2008 1417 2193 1524 Sardoa,
2234 1417 2357 1504 Anno

707 1543 876 1631 Domini
896 1541 1114 1627 Millesimo
1137 1539 1556 1652 quadringentesimo
1578 1538 1843 1662 sexagesimo
1865 1546 2032 1652 quarto.
2198 1537 2201 1541 ’

1311 1975 1313 1984 ψ
1443 1913 1636 2033 conr.

913 2174 1316 2259 Petricoeiuc-
1327 2172 1421 2257 dte
1444 2169 1520 2257 23
1550 2168 1804 2255 ocream
1817 2167 1965 2258 14⁶4
1976 2130 2148 2256 'unua

711 2395 990 2473 casimirus
1003 2385 1363 2484 Ja'gellonlrlea
1385 2410 1441 2465 rex
1453 2383 1604 2479 Poloiiu,
1619 2390 1835 2465 maturator
1848 2394 1933 2483 regn
1954 2391 2107 2467 rubores
2121 2396 2156 2468 et
2168 2394 2358 2487 aramue·

731 2508 736 2519 '
837 2520 894 2575 nu
906 2501 938 2574 in
951 2501 1034 2575 rillio
1048 2500 1226 2575 numani
1240 2498 1326 2573 tovi
1339 2497 1457 2585 lorus
1472 2513 1492 2570 a
1506 2494 1697 2570 rnetonltu
1711 2496 1747 2566 et
1759 2494 1866 2569 iratis
1881 2498 2025 2586 emolere
2038 2497 2178 2588 prante
2194 2502 2244 2582 (¹).

814 2708 1045 2794 Oazimirus
1068 2709 1134 2794 dei
1155 2707 1301 2818 gracia
1321 2706 1413 2791 Rex
1433 2704 1618 2808 Polonia
1654 2733 1836 2816 magnus
1868 2705 1956 2790 dux
1974 2704 2212 2812 Lithuanie,
2248 2707 2359 2793 Rus-

709 2828 783 2932 sie,
818 2828 1075 2939 Prussieque
1116 2826 1307 2911 dominus
1338 2835 1382 2909 et
1415 2825 1551 2927 heres,
1588 2823 1877 2935 significamus
1908 2832 2055 2910 tenore
2093 2828 2359 2936 presencium

709 2947 916 3032 uniuersis
944 2946 1209 3056 presentibus
1247 2955 1288 3028 et
1323 2943 1473 3027 futuns
1510 2942 1723 3056 quomodo
1759 2944 2012 3028 venerabilis
2051 2954 2093 3028 et
2125 2946 2360 3059 relligiosus

710 3064 895 3152 Michael
932 3064 1066 3150 abbas
1088 3094 1185 3150 cum
1206 3092 1282 3149 suo
1306 3073 1521 3149 conuentu
1560 3064 1802 3147 monasterii
1837 3074 1985 3149 sancte
2023 3064 2172 3151 Crucis
2207 3069 2361 3178 montis

710 3183 888 3299 caluilr)
901 3214 980 3268 sua
999 3183 1121 3269 nobis
1143 3184 1350 3268 relacione
1372 3190 1658 3268 monstrarunt
1677 3211 1773 3266 cum
1787 3182 1965 3293 querelis
1983 3186 2098 3293 quod
2114 3187 2363 3271 ministeria·

710 3305 775 3388 les
798 3304 898 3390 alias
922 3303 1132 3417 Oprazoczc
1152 3307 1196 3387 in
1216 3306 1335 3387 terris
1351 3304 1507 3402 ‚nostris
1528 3302 1707 3400 instituti
1727 3301 1845 3386 uillas
1866 3306 2053 3416 ipsorum
2084 3307 2269 3414 visitant,
2305 3306 2359 3396 ab

708 3424 873 3508 eisdem
890 3434 933 3509 et
953 3451 1094 3508 eorum
1117 3423 1380 3520 emetonibus
1402 3433 1445 3504 et
1464 3422 1610 3506 incolis
1642 3421 1860 3507 staciones.
1884 3434 1927 3506 et
1945 3423 2274 3534 procuraciones'
2292 3456 2362 3512 ex·

708 3553 868 3655 petunt,
891 3570 1049 3652 eosque
1070 3544 1126 3627 ad
1148 3570 1380 3655 grauamen
1399 3570 1484 3627 non
1505 3542 1718 3626 modicum
1739 3541 1795 3624 ad
1814 3543 2084 3654 inquirendos
2121 3544 2362 3656 frequenter

709 3691 863 3748 causas
884 3663 1198 3748 irracionabiles
1220 3662 1275 3745 ad
1296 3669 1437 3744 castra
1455 3669 1602 3746 nostra
1622 3660 1773 3744 cittant
1796 3670 1838 3744 et
1857 3661 2025 3774 fatigari
2045 3679 2282 3775 procurant,
2317 3676 2362 3752 et

712 3785 813 3893 quia
833 3781 1070 3866 huiusmodi
1091 3782 1358 3866 uisiteeiones
1382 3789 1424 3862 et
1444 3780 1793 3890 procuracionum
1815 3780 2144 3867 adinueneiones
2163 3814 2238 3896 per
2258 3814 2361 3874 con·

711 3900 958 3985 stituciones
980 3908 1216 3984 nostrorum
1236 3902 1581 4011 predecessorum
1603 3909 1702 3983 sunt
1720 3902 1862 4005 uetita,
1898 3927 1983 4010 que
2012 3905 2056 3986 in
2076 3908 2360 4015 opressionem

707 4020 893 4104 vicorum
914 4019 1216 4129 relligiosorum
1239 4028 1281 4104 et
1302 4047 1446 4105 eorum
1466 4019 1680 4104 hominurn
1716 4013 1979 4107 subditorum
2013 4035 2199 4136 uergunt
2232 4027 2359 4112 uelud

708 4141 827 4252 pacis
847 4139 1137 4249 inquietatae,
1157 4168 1234 4225 nos
1254 4141 1480 4225 innitentes
1514 4139 1862 4250 predecessorum
1897 4151 2134 4228 nostrorum
2165 4148 2357 4259 uestigiis

709 4260 845 4346 dictas
866 4259 1193 4344 constituciones
1215 4259 1501 4370 approbamus
1518 4267 1562 4341 et
1580 4261 1829 4345 innouamus
1865 4261 2116 4373 generaliter
2145 4265 2359 4352 institutas

710 4382 813 4490 quia
830 4406 931 4465 uero
951 4379 1046 4490 plus
1068 4379 1174 4463 solet
1192 4379 1329 4464 timeri
1348 4380 1465 4492 quod
1486 4379 1749 4491 singulariter
1769 4375 2015 4491 prohibetur
2036 4408 2166 4491 quam
2187 4385 2359 4498 quod...

710 4511 897 4607 cauetur3
917 4499 1040 4585 vobis
1062 4499 1254 4584 omnibus
1293 4507 1336 4581 et
1356 4498 1532 4613 singulis
1552 4498 1896 4590 ministerialibus
1924 4498 2028 4585 alias
2063 4528 2299 4615 opruuczam
2315 4507 2359 4590 in

812 4734 925 4815 (¹)1Ex
938 4733 1023 4800 libro
1033 4734 1269 4822 manuscripto,
1285 4733 1325 4802 de
1335 4713 1399 4819 quo
1407 4734 1473 4819 jam
1486 4734 1591 4816 suba.
1607 4734 1836 4804 1351diximus
1850 4735 1939 4820 (vide
1955 4738 2200 4805 annotationem
2221 4739 2359 4826 primm

711 4814 843 4883 tabulae
860 4819 904 4883 Ν0
920 4817 980 4886 CV
995 4842 1069 4906 pag.
1088 4823 1164 4901 233)
1178 4821 1248 4886 Leo
1265 4818 1517 4905 Rzyszozewelri
1533 4819 1716 4907 descripsit.

797 4903 853 4984 .(²l
877 4901 985 4970 Galeas
999 4929 1098 4981 mone,
1114 4907 1202 4990 Epeo
1215 4907 1303 4992 pora,
1319 4905 1360 4970 de
1377 4923 1441 4989 qno
1454 4906 1521 4989 jam
1538 4926 1648 4994 supra.
1678 4905 1729 4973 De
1744 4893 1909 4976 Michaele
1926 4906 2043 4976 abbate
2063 4906 2155 4998 legas
2171 4912 2355 4980 annotatio·

711 5012 784 5056 nem
799 4987 1018 5058 secundam...
1034 4988 1164 5056 tabulae
1181 4990 1223 5056 N⁰
1238 4986 1348 5056 ccxl
1364 5009 1441 5078 pag.
1454 4990 1527 5056 415.
