5409 6309
1378 841 1654 923 -suo-‘-

686 1051 894 1166 Spitkone
913 1051 1019 1137 aut
1007 1050 1139 1162 rpsius
1179 1048 1406 1137 heredibus
1437 1047 1576 1136 forum
1606 1048 1840 1162 empcionis
1872 1049 2077 1161 perpetue
2098 1048 2242 1137 facere
2262 1079 2347 1140 non

656 1169 913 1284 poterimus
935 1201 986 1256 ac
1006 1171 1131 1274 inire,
1152 1177 1309 1256 extunc
1339 1169 1699 1283 quandocumque
1733 1170 1846 1254 idem
1883 1169 2076 1255 dominus
2099 1168 2251 1281 Spitko
2272 1184 2348 1259 aut
2480 1180 2484 1186 ’

682 1290 914 1377 heredes
879 1320 969 1376 erus
984 1290 1106 1376 nobis
1123 1298 1199 1373 aut
1214 1286 1530 1375 successoribus
1547 1289 1699 1374 nostris
1714 1290 1932 1409 legittimis
1949 1277 2062 1373 mille
2077 1318 2243 1375 mareas
2252 1317 2346 1378 mo-

681 1420 782 1496 nete
802 1423 846 1495 et
864 1440 1026 1496 numeri
1014 1408 1364 1528 protectorum
1351 1438 1397 1492 ιιι
1420 1404 1596 1510 crelam,
1631 1418 1706 1493 aut
1724 1410 1767 1493 in
1688 1404 1946 1492 tSzewor
1964 1410 2217 1518 reposuerit,
2246 1439 2345 1521 pre-

681 1529 745 1616 ιιι
727 1542 793 1617 ιιι
817 1531 1049 1635 districtus,
1089 1526 1171 1614 fort
1155 1521 1294 1640 talicia
1325 1556 1410 1640 que
1431 1537 1475 1613 et
1494 1472 1623 1639 opida
1644 1553 1740 1613 cum
1762 1526 1957 1614 omnibus
1980 1539 2025 1610 ιι
2043 1529 2223 1641 singulis
2244 1531 2343 1615 etti·

682 1652 871 1764 nenoijs,
896 1647 1167 1764 pertinencijs
1199 1656 1243 1737 et
1278 1649 1502 1759 appendijs
1536 1649 1745 1733 uniuersis
1767 1648 1822 1732 ad
1843 1646 2074 1758 prelibatos
2112 1648 2351 1757 districtus,
2412 1733 2418 1740 ,

681 1767 766 1857 fort
767 1771 954 1855 alicieet
935 1768 1103 1880 topida
1124 1765 1437 1904 spectantibus,
1466 1769 1700 1853 memorato
1720 1765 1904 1872 ¹domino
1936 1763 2150 1884 Spitkoni,
2172 1771 2252 1852 aut'
2266 1769 2343 1854 he-

680 1891 851 1976 redibus
875 1900 918 1975 et
935 1885 1285 1974 successoribus
1272 1887 1407 1996 ipsius
1426 1886 1646 1997 legittimis
1666 1887 1885 2000 resignare
1905 1913 1982 1970 nos
2004 1886 2277 2000 astringimus
2299 1897 2344 1975 et
2381 1961 2384 1966 .

680 2012 935 2149 pollicemur.
987 2005 1078 2094 Sub
1099 2008 1284 2117 puritate
1302 2014 1401 2091 nost
1400 2034 1447 2090 re
1384 2005 1569 2093 tfidei
1585 2017 1632 2090 et
1651 2007 1840 2122 honoris,
1872 2006 2118 2112 occasione,
2141 2007 2248 2112 dolo,
2269 2036 2343 2094 ex·

682 2127 927 2232 cusecione,
945 2127 1152 2238 dilacione
1174 2136 1218 2224 et
1236 2124 1423 2212 articulis
1446 2123 1709 2236 quibuslibet
1727 2123 1881 2240 procul
1898 2126 2035 2212 motis.
2068 2123 2138 2211 Ad
2159 2156 2342 2269 quarum

682 2251 853 2360 quidem
872 2247 983 2332 mille
1003 2274 1239 2332 marearum
1259 2247 1549 2355 portacionem
1572 2255 1614 2329 et
1632 2248 1942 2357 reposicionem
1962 2246 2006 2330 in
2024 2239 2183 2330 Czeladz
2204 2250 2342 2338 autur

681 2369 816 2454 Servor
835 2377 1011 2479 treugas
1030 2368 1149 2478 pacis
1172 2364 1331 2454 Christi
1351 2364 1540 2449 fidelium
1561 2375 1605 2448 et
1624 2367 1787 2454 saluum
1820 2365 2081 2460 conductum
2108 2365 2244 2451 eidem
2266 2366 2342 2452 do·

678 2491 790 2574 mino
813 2486 1076 2599 Spitkoniet
1093 2487 1225 2598 portit
1207 2484 1370 2570 toribus
1406 2486 1650 2570 earumdem
1684 2493 1782 2571 nost
1782 2512 1849 2590 ro,
1871 2495 1915 2568 et
1934 2493 2032 2569 nost
2032 2512 2174 2570 rorum
2204 2484 2340 2572 homi·

677 2634 780 2694 num
799 2605 1093 2722 quorumlibet,
1115 2604 1420 2716 cuiuscumque
1441 2613 1591 2711 status,
1612 2606 1793 2720 gradus,
1815 2604 2076 2690 condicionis
2099 2614 2143 2688 et
2161 2607 2343 2716 preemi-

675 2729 829 2814 nencIe
850 2727 1043 2830 existant,
1064 2722 1316 2828 nominibus,
1338 2725 1505 2827 damus,
1524 2723 1766 2834 prebemus,
1787 2723 2042 2811 conferimus
2064 2733 2105 2807 et
2123 2723 2339 2836 largimur.

682 2846 729 2932 Si
748 2873 850 2932 vero
873 2845 1106 2949 districtus,
1141 2842 1351 2928 fortalicia
1373 2853 1417 2927 et
1437 2843 1565 2955 opida
1594 2845 1815 2957 resignare
1837 2843 2006 2929 domino
2039 2839 2067 2929 S
2099 2842 2231 2928 itkoni
2263 2850 2341 2954 aut

677 2965 903 3052 heredibus
923 2967 1054 3076 ipsius
1077 2962 1382 3069 distulerimus,
1403 2972 1505 3047 tunc
1526 2961 1707 3075 quilibet
1724 2971 1964 3049 nostrorum
1987 2873 2341 3077 (sicisuprascri

676 3095 847 3198 ptorum
865 3080 1103 3196 principum
1117 3093 1284 3188 tenetur
1304 3084 1410 3170 duos
1430 3082 1591 3169 nobiles
1613 3091 1657 3166 et
1675 3081 1868 3168 militales
1884 3109 2087 3198 personas
2105 3081 2341 3194 quamlibet

677 3235 776 3292 cum
794 3204 931 3290 tribus
953 3207 1082 3318 equis
1098 3202 1359 3290 Oracowiam
1381 3202 1438 3286 ad
1457 3229 1588 3288 unum
1609 3211 1863 3289 consuetum
1881 3201 2117 3313 hospicium
2155 3203 2341 3304 destina·

676 3353 734 3431 re,
754 3324 830 3409 ubi
861 3325 1097 3436 apredicto
1120 3323 1287 3422 domino
1310 3319 1517 3432 Spitkone
1539 3329 1615 3404 aut
1637 3321 1724 3408 suis
1745 3321 2065 3410 successoribus
2087 3319 2242 3408 fuerint
2264 3322 2339 3408 de·

675 3444 909 3533 monstrati.
941 3443 1093 3556 Ibique
1114 3452 1203 3526 tam
1234 3441 1307 3528 diu
1335 3442 1496 3548 iacere,
1515 3467 1595 3525 nec
1624 3439 1724 3526 iude
1755 3441 1836 3529 sub
1867 3440 1952 3526 fide
1972 3441 2193 3528 ethonore
2213 3441 2338 3551 exire,

677 3590 904 3677 quousque
923 3564 1093 3660 domino
1126 3559 1322 3671 Spitkoni
1345 3572 1388 3646 et
1406 3562 1493 3646 suis
1529 3559 1867 3669 successoribus,
1902 3561 2085 3674 predicti
2122 3559 2335 3668 districtus
2369 3613 2372 3617 -

675 3684 937 3794 lublynensis
958 3691 1004 3765 et
1020 3680 1388 3794 rosembergensis
1409 3688 1453 3764 et
1471 3679 1773 3774 fortaliciorum
1794 3691 1837 3766 et
1858 3680 2109 3794 oppidorum
2147 3681 2335 3791 plenaria

593 3847 596 3858 s
676 3801 793 3900 facta
811 3800 939 3884 suerit
956 3802 1186 3887 restitucio.
1238 3799 1284 3885 Si
1304 3828 1426 3904 uero,
1448 3801 1566 3910 quod
1586 3799 1710 3904 absit,
1729 3800 2013 3912 predictorum
2035 3799 2235 3887 nobilium
2257 3802 2335 3886 ali·

677 3947 805 4032 quem
827 3921 933 4005 mori
963 3919 1242 4030 contingerit,
1284 3928 1438 4004 extunc
1474 3946 1551 4004 nos
1588 3921 1862 4032 suprascripti
1895 3922 2108 4032 principes
2142 3915 2336 4004 tenemur

674 4067 808 4126 unum
839 4039 967 4143 alium
996 4038 1171 4122 similem
1203 4040 1284 4124 sibi
1312 4038 1406 4124 loco
1439 4038 1628 4125 eiusdem
1647 4035 1756 4122 infra
1775 4042 1966 4150 spacium
1988 4039 2147 4125 XHII⁰¹
2174 4040 2339 4126 dierum

675 4160 731 4247 ad
751 4157 988 4270 predictum
1008 4157 1243 4270 hospicium
1266 4185 1364 4242 cnm
1384 4156 1519 4242 tribus
1559 4161 1681 4270 equis
1705 4155 1926 4244 destinare.
1974 4159 2019 4248 si
2040 4187 2142 4245 uero
2163 4162 2334 4245 restitu-

674 4284 741 4368 cio
761 4279 1047 4390 predictorum
1069 4277 1351 4382 districtuum,
1387 4276 1686 4365 fortaliciorum
1708 4286 1752 4364 ιι
1773 4279 1993 4389 opidorum
2012 4276 2120 4364 infra
2141 4279 2332 4389 spacium

672 4399 805 4484 XIIII
846 4400 1007 4483 dierum
1047 4408 1146 4509 post
1184 4399 1420 4512 ingressum
1454 4396 1510 4488 ad
1530 4397 1767 4509 hospicium
1802 4400 2088 4510 predictorum
2129 4398 2331 4485 nobilium

673 4519 790 4602 fecta
808 4547 893 4604 non
914 4516 1058 4622 fuerit,
1081 4527 1256 4606 extunc
1289 4515 1480 4606 dominus
1512 4513 1662 4629 Spitko
1687 4523 1730 4601 et
1748 4515 1815 4600 sui
1846 4541 2114 4603 successores
2135 4517 2332 4631 legittimi

674 4636 832 4722 debent
850 4646 895 4719 et
914 4648 1092 4748 possunt
1111 4665 1188 4723 nos
1209 4640 1524 4748 suprascriptos
1554 4637 1786 4749 principes,
1816 4648 1943 4750 prout
1959 4640 2062 4753 ipsis
2085 4648 2329 4748 competens

671 4756 894 4861 uidebitur,
916 4757 1160 4848 ¹secundum
1196 4764 1388 4843 tenorem
1418 4767 1665 4843 nostrarum·
1684 4757 1899 4842 literarum
1932 4783 2147 4860 amouere,
2179 4768 2223 4840 et
2247 4763 2328 4843 no's

669 4874 822 4988 prefati
856 4869 1068 4987 'principes
1090 4878 1134 4958 in
1153 4875 1264 4976 nullo
1296 4875 1501 4962 debemus
1521 4878 1580 4962 eis
1602 4902 1882 4985 seopponere
1906 4889 1948 4962 et
1969 4877 2227 4963 contrariari.
2277 4873 2329 4962 In

672 4999 793 5082 euius
812 4997 874 5080 rei
893 4996 1180 5080 testimonium
1220 5003 1365 5080 nostra
1405 4994 1547 5106 sigilla
1587 4995 1856 5106 presentibus
1893 5007 1992 5082 sunt
2022 4994 2101 5082 sub
2124 5021 2336 5108 appensa·
