5409 6309
1045 836 1428 946 -su-'

205 1081 234 1174 f
284 1117 292 1131 ·
356 1068 535 1157 Sculteti
557 1070 644 1173 erit,
667 1077 710 1152 et
730 1069 767 1156 si
787 1095 915 1156 sanus
936 1067 1118 1174 redierit,
1139 1065 1238 1152 hine
1260 1097 1356 1152 eum
1377 1065 1567 1153 Sculteto
1599 1066 1789 1180 praefato
1823 1067 2003 1166 reddere

359 1187 507 1290 debeo,
529 1196 573 1273 et
591 1188 676 1273 mei
695 1188 852 1300 posteri
870 1216 1093 1303 sequaces.
1124 1185 1268 1272 Etiam
1288 1187 1531 1298 praedictus
1563 1186 1777 1303 Scultetus
1798 1187 2001 1284 omnimo-

356 1306 454 1394 dam
474 1308 652 1406 habebit
670 1317 925 1419 potestatem
945 1310 988 1398 in
1008 1304 1129 1392 metis
1153 1314 1196 1389 et
1216 1308 1413 1419 granieiis
1433 1306 1622 1394 villarum
1642 1334 1771 1418 saepe
1793 1307 2000 1392 dictatum

354 1435 443 1512 tam
462 1426 591 1539 longe
613 1437 655 1514 et
673 1428 769 1534 late,
789 1438 914 1539 prout
935 1428 1144 1540 granicies
1163 1454 1211 1510 se
1233 1427 1478 1528 extendunt,
1501 1453 1643 1514 omnes
1667 1436 1710 1509 et
1728 1426 1918 1538 singulas
1938 1423 2001 1510 fe·

294 1621 295 1626 ,
356 1574 497 1629 rarum
517 1556 560 1629 et
578 1547 756 1657 piscium
774 1550 1022 1633 venationes
1044 1573 1249 1650 exercere,
1276 1574 1440 1632 necnon
1469 1557 1512 1631 et
1539 1545 1771 1629 excisiones
1808 1542 2003 1638 arborum

362 1673 404 1749 et
422 1664 632 1776 lignorum
653 1668 779 1752 toties
802 1666 967 1778 quoties
988 1665 1069 1751 sibi
1088 1663 1212 1749 fuerit
1232 1675 1514 1777 opportunum
1535 1673 1578 1748 et
1592 1666 1677 1749 suis
1692 1663 1889 1776 legitimis
1909 1690 2006 1747 suc·

361 1783 612 1868 cessoribus.
641 1783 865 1873 Granicies
885 1813 986 1870 vero
1006 1785 1197 1870 villarum
1226 1785 1317 1895 jam
1339 1786 1545 1868 dictarum
1579 1784 1639 1867 ite
1676 1811 1722 1865 se
1757 1781 2002 1887 extendunt;

357 1900 467 1988 Cum
486 1903 667 1988 Domino
689 1905 894 2014 Procopio
917 1906 968 1987 de
990 1902 1202 1989 Kiuzloroa
1220 1903 1277 2018 (⁴)
1300 1898 1495 1987 Cieuiuwo
1516 1902 1722 2017 granicies
1743 1896 1932 2003 habebit,
1964 1912 2007 1986 et

356 2048 384 2104 a
405 2015 601 2103 Cicaioroo
619 2048 757 2133 usque
778 2024 833 2105 ad
853 2022 1103 2106 Ptoiuilrowa
1124 2031 1168 2106 et
1187 2050 1326 2136 usque
1346 2024 1520 2108 fluvium
1544 2033 1585 2104 et
1609 2018 1759 2106 Cremu
1779 2017 2001 2106 Kumionicu

353 2138 591 2245 rivulorum,
612 2143 685 2256 qui
707 2141 854 2227 dividit
875 2143 1094 2256 granicies,
1131 2169 1404 2258 quocumque
1431 2142 1535 2225 ierit.
1581 2138 1824 2228 Praefatam
1859 2148 2000 2224 autem

357 2257 627 2344 donationem
648 2262 691 2345 in
710 2260 931 2346 venatione
952 2258 1133 2345 ferarum
1156 2271 1199 2343 et
1217 2261 1408 2373 piscium,
1425 2289 1506 2344 nec
1526 2287 1613 2345 non
1635 2268 1676 2344 et
1697 2286 1860 2371 pascua
1881 2257 2004 2345 Soul-

356 2383 470 2462 tetus
489 2382 831 2488 praenominatus
853 2392 896 2464 et
914 2382 983 2468 sui
1000 2380 1176 2492 legitimi
1211 2406 1479 2476 successores
1512 2378 1644 2466 libere
1664 2378 1886 2480 habebunt
1907 2407 2004 2490 per,

352 2498 491 2607 petuis
512 2500 783 2608 temporibus,
813 2499 927 2584 inire
962 2502 1171 2612 granicies
1208 2511 1250 2583 et
1283 2509 1429 2587 metas·
1454 2499 1763 2610 praedictarum
1797 2497 2005 2602 villarum,

353 2643 547 2700 exercere
567 2619 745 2728 pacifice
768 2630 811 2703 et
831 2623 984 2732 quiete.
1018 2618 1233 2705 Scultetus
1254 2645 1355 2703 vero
1378 2627 1421 2701 et
1442 2619 1507 2702 sui
1526 2620 1685 2729 posteri
1712 2620 1853 2704 villani
1876 2628 1918 2702 et
1938 2620 2003 2701 in·

356 2734 472 2818 colae
507 2737 663 2822 ibidem
687 2750 1005 2842 commorantes
1034 2742 1078 2822 in
1098 2738 1248 2822 iisdem
1288 2737 1417 2846 sylvis
1452 2737 1640 2822 villarum
1677 2766 1840 2848 pascua
1873 2736 2008 2822 libera

353 2853 577 2941 habebunt
596 2861 823 2966 scultetus,
854 2861 981 2942 etiam
1003 2856 1219 2941 Scultetus
1240 2854 1454 2966 praefatus
1477 2867 1520 2939 et
1538 2858 1605 2938 sui
1630 2882 1897 2941 successores
1917 2857 2012 2940 nul·

356 2974 430 3059 libi
451 2977 567 3081 elias,
588 2979 624 3059 si
645 2979 783 3061 coacti
803 2975 959 3061 fuerint
979 2975 1034 3057 ad
1055 2977 1334 3078 serviendum,
1356 2976 1512 3061 servire
1533 2972 1703 3071 debent,
1727 2976 1934 3060 duntaxat
1953 2977 2010 3058 ad

360 3096 669 3205 expeditionem
688 3095 787 3179 belli
814 3096 1065 3207 generalem,
1087 3105 1130 3179 et
1150 3122 1289 3208 neque
1322 3095 1506 3204 cuipiam
1526 3093 1741 3179 homiuum
1776 3094 2007 3207 responde·

359 3213 468 3298 bunt
509 3217 562 3297 de
599 3243 647 3299 se
687 3214 1030 3326 querelantibus,
1065 3215 1356 3298 tantummodo
1396 3215 1582 3323 ipsorum
1609 3215 1706 3326 jure
1743 3211 2009 3301 Theutonico

360 3332 725 3447 Magdeburgensi
743 3333 962 3444 injudicio
985 3332 1270 3418 Scultetorum
1292 3333 1444 3419 Curiae
1468 3330 1765 3440 Sandecensis3
1797 3341 2012 3419 ometones

360 3464 503 3538 autem
525 3462 568 3535 et
587 3480 732 3537 omues
752 3452 1057 3537 inhabitatores
1080 3455 1270 3538 villarum
1310 3454 1621 3564 praedictarum
1654 3452 1802 3537 nullibi
1829 3453 2013 3562 judicari

361 3573 557 3679 debeant,
587 3573 667 3654 nisi
701 3573 744 3654 in
764 3574 951 3684 ipsorum
987 3571 1305 3678 hereditatibus,
1342 3601 1487 3658 coram
1524 3573 1671 3658 eodem
1708 3570 1899 3658 Sculteto
1935 3595 2009 3683 pro

359 3702 549 3804 tempore
571 3691 777 3794 existenti,
798 3700 841 3775 et
860 3692 942 3775 hoo
964 3719 1049 3776 non
1071 3692 1151 3777 alio
1165 3693 1260 3802 jure
1280 3693 1361 3775 nisi
1381 3687 1743 3808 Magdeburgensi
1765 3692 1817 3774 de
1838 3717 1885 3776 se
1906 3714 2013 3800 que·

360 3812 594 3896 rulantibus
615 3811 943 3924 respondebunt.
975 3810 1154 3920 insuper
1176 3818 1394 3895 cmetones
1428 3812 1635 3893 dictarum
1662 3811 1850 3895 villarum
1871 3836 2015 3895 eorum

366 3927 557 4016 Sculteto
577 3930 759 4040 lapidem
779 3931 992 4038 molarem,
1024 3931 1197 4043 quando
1233 3927 1360 4014 firerit
1380 3936 1676 4040 opportunum,
1712 3930 1924 4013 adducere
1960 3931 2015 4014 ad

365 4050 659 4152 molendinum,
680 4053 793 4158 ripas
813 4050 1039 4134 molendini
1072 4060 1116 4134 et
1134 4049 1304 4135 fossalis
1325 4077 1484 4163 augere
1526 4056 1568 4131 et
1601 4047 1825 4133 reformare
1848 4048 2016 4153 debent,

365 4179 409 4253 et
430 4179 551 4252 erunt
570 4169 775 4275 adstricti,
799 4170 924 4251 etiam
947 4179 1161 4254 cmetones
1183 4171 1226 4251 in
1248 4196 1392 4254 eorum
1429 4169 1626 4281 grauidis
1663 4172 1854 4280 gramina
1884 4166 2017 4252 falca-

366 4296 498 4373 strare
518 4317 647 4371 unum
669 4287 779 4371 diem
801 4290 920 4371 annis
942 4289 1117 4398 siugulis
1139 4298 1239 4372 sunt
1260 4299 1304 4370 et
1323 4298 1447 4371 eruut
1476 4286 1677 4393 adstricti,
1707 4297 1750 4371 et
1771 4287 1949 4398 quilibet
1966 4285 2016 4371 il·

362 4409 496 4494 lorum
517 4435 741 4517 perunum
761 4406 992 4517 plaustrum
1012 4408 1220 4518 lignorum
1240 4434 1316 4518 pro
1337 4407 1445 4492 festo
1461 4405 1705 4492 Nativitatis
1723 4406 1880 4493 Christi
1896 4418 2018 4491 erunt

365 4525 541 4638 obligati
564 4527 776 4610 adducere
796 4553 872 4635 pro
894 4526 1011 4609 curia
1030 4555 1126 4610 mea
1145 4552 1421 4637 meorumque
1449 4553 1742 4611 successorum
1777 4555 1890 4613 nunc
1911 4535 1958 4610 et
1971 4528 2017 4611 in

365 4671 531 4732 aevum.
563 4646 712 4730 Exime
732 4646 903 4755 insuper
924 4654 967 4727 et
987 4647 1148 4756 excipio
1181 4642 1418 4730 Scultetum
1454 4644 1689 4757 praefatum
1726 4658 1770 4731 et
1800 4656 2015 4731 ometones

364 4766 555 4853 villarum
576 4765 631 4852 ab
654 4764 847 4851 omnibus
869 4764 1212 4875 angarationibus
1234 4773 1278 4846 et
1296 4760 1588 4871 solutionibus,
1609 4795 1720 4879 quae
1734 4766 1806 4877 jus
1828 4765 2018 4852 Theuto·

403 4965 404 4970 ’
470 4949 515 5034 (⁸)
536 4947 715 5018 Perochiae
730 4947 895 5016 Kruzlouo
910 4947 1025 5024 dictae,
1041 4958 1107 5016 tres
1122 4947 1221 5014 villae
1238 4946 1501 5014 adnumerantur:
1517 4947 1679 5017 Krozloreo
1695 4961 1820 5039 optato,
1851 4949 2010 5020 Kroolowa
2050 4921 2052 4930 Α

277 5107 281 5116 ,
365 5036 708 5112 esnaeistarum
723 5033 805 5105 sitae
820 5045 895 5103 sunt
909 5034 942 5101 in
958 5035 1093 5122 regione
1108 5031 1299 5103 sandecenri
1315 5035 1439 5116 (loss).
1456 5073 1459 5078 <

473 5138 610 5184 ”⁰⁰¹²
1658 5215 1677 5258 Ο
1773 5138 1814 5204 56
