5409 6309
1303 1311 1307 1322 ’
1444 1319 1607 1459 nxrv.
1696 1421 1703 1433 .

1180 1570 1703 1684 arwasiae-1282
1721 1615 1894 1744 anno·

657 1769 666 1784 .
696 1821 857 1893 laese·
878 1816 980 1890 llrtm
1000 1813 1154 1904 Niger
1170 1813 1234 1887 lm
1249 1813 1431 1904 trasarice,
1450 1813 1657 1888 mantice
1671 1816 1705 1887 et
1718 1812 1854 1892 sarm·
1873 1814 2018 1904 rprtrro
2029 1829 2086 1885 no
2098 1812 2242 1887 Bolum
2254 1775 2368 1891 runa

885 1920 1045 2010 privilegia
1070 1913 1256 2005 nanneno
1279 1916 1360 2007 aaut
1375 1918 1553 1990 oratorian
1566 1917 1835 2020 Zwiazyaiaaat
1850 1912 1935 2001 data,
1950 1913 2110 1988 aalma
2122 1917 2172 1998 (¹)

801 2127 1053 2232 innomine
1080 2123 1236 2209 domini
1272 2135 1408 2204 amen.
1471 2121 1766 2205 Humanarum
1804 2121 1997 2205 condicio
2035 2130 2255 2232 gestorum
2288 2123 2366 2205 sub

697 2244 1045 2327 thabescencium
1081 2241 1180 2351 lege
1214 2250 1453 2348 temporum
1489 2241 1741 2342 constituta,
1772 2236 2088 2356 ¹refragacionis
2127 2239 2369 2325 discrimina
2455 2279 2460 2284 „

696 2364 811 2469 apud
830 2371 1025 2471 posteros
1047 2358 1188 2442 subire
1211 2369 1447 2468 cogeretur,
1481 2358 1563 2439 nisi
1583 2357 1772 2441 valituris
1794 2360 1838 2439 in
1859 2385 1983 2440 omne
2004 2357 2192 2439 seculum
2213 2359 2367 2441 instru-

695 2480 869 2583 mentis,
891 2488 935 2560 et
954 2477 1172 2588 scripturis
1194 2477 1438 2579 autenticis,
1460 2465 1790 2582 testimonioque
1813 2473 2059 2578 sufficienti,
2096 2503 2182 2584 que
2202 2485 2367 2584 tempo·

687 2596 855 2693 taliter.
860 2605 987 2708 gesta
1008 2602 1124 2696 sunt,
1145 2593 1387 2676 firmitatem
1409 2603 1660 2702 perpetuam
1683 2581 1941 2677 sortirentur.
1999 2590 2182 2674 Proinde
2203 2595 2369 2677 nouerit

616 2795 623 2802 .
697 2725 786 2799 tam
806 2721 1106 2823 presenseras,
1127 2739 1256 2822 quam
1288 2708 1442 2814 futura,
1479 2710 1595 2821 quod
1616 2737 1694 2794 nos
1715 2709 1873 2793 Lestco
1897 2709 1966 2791 dei
1987 2711 2242 2818 graciadux
2263 2710 2367 2796 Ora·

698 2833 843 2936 couie,
864 2830 1149 2932 Sandomirie,
1172 2838 1215 2910 et
1235 2827 1419 2928 Siradie,
1456 2828 1679 2914 eeclesiam
1710 2829 1847 2909 sancti
1877 2828 2100 2910 saluatoris
2121 2826 2366 2937 Monasterij
2443 2879 2456 2888 ·

699 2950 753 3030 de
774 2946 984 3030 Soeriacr‘a
1003 2946 1159 3030 ordinis
1180 2947 1586 3054 premonstracensis
1608 2945 1825 3028 sinceriter
1849 2953 2173 3056 prosequentes,
2196 2953 2245 3025 ut
2264 2945 2368 3030 deo·

698 3066 837 3148 dicate
860 3063 1202 3148 sanctimoniales
1222 3064 1379 3146 ibidem
1402 3060 1511 3148 lesu
1528 3060 1697 3146 Christo
1720 3059 1982 3146 commodius
2003 3060 2268 3165 famulentur,
2289 3089 2366 3171 pro
2479 3103 2483 3118 =

590 3228 593 3235 ·
696 3194 842 3269 nostra
862 3191 906 3265 et
924 3191 1163 3268 nostrorum
1198 3182 1331 3263 salute
1367 3190 1593 3290 parentum
1632 3179 1930 3264 confirmamus
1965 3190 2108 3263 nostro
2144 3181 2365 3291 priuilegio

696 3302 1137 3404 innouantes,omnes
1157 3299 1395 3402 libertates,
1429 3298 1686 3383 donaciones
1710 3308 1752 3378 et
1771 3298 2059 3382 immunitates
2079 3324 2155 3406 per
2175 3298 2362 3380 inclitum

521 3465 535 3474 -
657 3420 932 3527 ,principem
973 3416 1174 3500 dilectum
1207 3426 1407 3525 patruum
1444 3426 1632 3498 nostrum
1667 3404 1909 3500 Boleslaum
1947 3415 2015 3514 dei
2050 3416 2199 3526 gracia
2233 3415 2366 3500 felicis

696 3537 898 3619 memorie
919 3534 1137 3645 quondam
1159 3535 1313 3617 ducem
1334 3533 1545 3618 Oracouie
1566 3542 1611 3614 et
1629 3532 1908 3639 sandomirie,
1928 3535 2011 3643 ipsi
2032 3533 2287 3618 Monasterio
2309 3534 2376 3617 de·

533 3643 544 3664 ⁰
653 3675 657 3680 ·
698 3650 906 3735 Soerr'acia
942 3639 1101 3736 donata
1123 3660 1166 3732 et
1185 3652 1407 3760 priuilegio
1444 3677 1522 3735 suo
1546 3651 1818 3734 confirmata.
1870 3653 1938 3736 Ita
1967 3654 2089 3762 'quod
2126 3653 2369 3763 prepositus

690 3769 781 3877 jam
803 3769 905 3851 dicti
925 3768 1168 3877 Monasterij
1192 3791 1288 3850 cum
1311 3766 1507 3852 omnibus
1529 3769 1768 3852 hominibus
1791 3779 1834 3852 et
1851 3770 1998 3853 incolis
2019 3770 2230 3878 villarum,
2271 3771 2366 3852 tha·

696 3888 969 3969 bernatorum
992 3895 1034 3968 et
1054 3886 1483 3998 molendinariorium,
1516 3913 1658 3969 coram
1680 3885 1910 3972 castellano
1942 3890 2202 3972 craeouiensi
2225 3898 2270 3968 et
2286 3917 2364 3997 pa·
2452 3969 2456 3972 Δ

696 4002 827 4086 latino
850 4010 925 4084 aut
944 4002 1036 4113 alijs
1057 4003 1275 4113 palatinis,
1313 4005 1552 4090 castellanis
1588 4001 1657 4087 vel
1685 4004 1902 4113 judicibus
1937 4033 2082 4088 eorum
2119 4031 2365 4114 comparere

696 4148 781 4205 non
801 4129 1026 4203 teneantur
1048 4117 1158 4231 (sic),
1181 4125 1272 4205 siue
1292 4122 1551 4231 respondere
1571 4149 1649 4233 pro
1672 4151 1931 4233 quacunque
1969 4151 2119 4227 causa,
2155 4126 2234 4206 nisi
2269 4133 2365 4205 tan-

694 4247 784 4320 tum
806 4265 949 4321 coram
971 4250 1114 4324 nostro
1128 4238 1291 4347 judicio
1314 4239 1632 4350 comparebunt
1646 4249 1690 4321 et
1702 4240 1911 4347 judicium
1933 4241 2074 4323 subire
2095 4243 2365 4343 tenebuntur,

697 4357 797 4438 dum
817 4384 895 4466 per
913 4355 1078 4441 literam
1108 4384 1207 4456 cum
1245 4356 1382 4468 sigillo
1403 4369 1547 4443 nostro
1570 4364 1613 4438 et
1631 4385 1706 4466 per
1726 4359 2038 4441 ministerialem
2062 4361 2117 4466 ad
2138 4360 2251 4441 idem
2272 4358 2364 4441 fue-
2472 4439 2480 4451 ,

799 4605 843 4682 (¹)
864 4601 1038 4667 Boleslaus
1055 4574 1202 4669 Pudicus
1217 4626 1303 4668 anno
1321 4605 1405 4670 1256
1420 4601 1530 4670 multis
1545 4604 1732 4692 privilegiis
1760 4606 1994 4671 monasterium
2025 4608 2140 4672 Zwr'erz
2162 4611 2297 4673 ‚secare
2312 4630 2365 4673 or·

601 4679 612 4699 ’
697 4686 904 4767 navit,·vide
934 4684 1031 4768 hujus
1059 4684 1196 4753 Codicis
1224 4689 1330 4752 nostri
1358 4689 1456 4754 Tomi
1471 4692 1502 4770 3,
1517 4713 1595 4775 pag.
1608 4692 1658 4767 69,
1685 4689 1831 4775 diploma
1855 4692 1927 4776 ejus
1954 4690 2014 4755 sub
2037 4691 2090 4756 N0.
2212 4690 2260 4756 lll
2272 4692 2363 4776 typis

698 4770 904 4852 impressum.
930 4768 1051 4832 Lesco
1078 4768 1180 4855 Niger
1196 4771 1412 4859 *privilegium
1437 4773 1583 4839 Boleslai
1608 4773 1744 4840 verbnm
1768 4773 1810 4838 ad
1838 4774 1974 4840 verbum
2001 4784 2141 4840 renovat
2166 4796 2253 4840 anno
2270 4778 2363 4854 1287,

697 4851 947 4916 renovationem
976 4847 1061 4915 hane
1076 4851 1256 4938 descripsit
1270 4855 1369 4921 etiarn
1384 4841 1614 4925 Mucalrowaki
1629 4879 1670 4924 ex
1683 4854 1862 4922 Tabulario
1893 4857 2036 4924 Publice
2068 4860 2174 4945 llegni
2204 4857 2365 4946 (Metrylri

695 4936 846 5001 koronne
861 4932 1170 5019 vol.27‚pag.268).
2261 4957 2266 4966 .
