5409 6309
1086 579 1104 634 t

1042 887 1322 967 -4'13-

359 1115 409 1184 ao
432 1096 594 1173 attento
616 1088 731 1202 quod
752 1089 1040 1174 serenissimus
1061 1095 1157 1178 olim
1179 1095 1378 1206 princeps
1400 1092 1592 1180 dominus
1629 1094 1820 1180 Joanlres
1854 1093 2009 1180 Alber-

357 1218 425 1291 tus
447 1209 538 1294 Rex
559 1236 784 1320 germanus
806 1219 849 1294 et
868 1210 1142 1320 predecessor
1176 1224 1320 1300 noster
1348 1213 1630 1319 charissimus,
1664 1216 1835 1326 propria
1865 1244 2006 1318 manu,

359 1353 487 1436 quam
507 1326 737 1412 luculenter
770 1331 1096 1440 recognouimus
1132 1327 1233 1418 illud
1253 1332 1422 1441 scripsit
1444 1343 1485 1414 et
1505 1336 1792 1445 suprascripta
1822 1334 2010 1419 clausula

357 1472 482 1556 super
501 1446 828 1533 raufieaoionem
849 1458 1068 1559 paternam
1089 1452 1355 1537 confirmauit
1377 1450 1509 1534 eciam
1539 1454 1592 1534 de
1628 1463 1745 1537 certa
1766 1453 1948 1537 sciencia
1968 1464 2012 1537 et

358 1569 505 1678 gracia
524 1565 670 1679 Regiis
706 1568 871 1673 nostris,
913 1567 965 1650 de
1001 1571 1266 1681 consilioque
1307 1569 1635 1656 consiliariorum
1675 1582 1921 1676 nostrorum,
1965 1574 2008 1656 in

357 1686 551 1771 omnibus
574 1690 659 1769 suis
681 1690 860 1797 punctis,
883 1688 1079 1792 articulis,
1108 1687 1440 1790 condicionibus,
1476 1678 1754 1795 libertatibus,
1790 1701 1833 1773 et
1868 1719 2009 1775 exem·

356 1805 579 1911 pciouibu's
601 1805 777 1918 singulis
797 1808 842 1889 in
863 1808 1012 1890 eodem
1031 1809 1251 1921 priuilegio
1273 1810 1494 1911 contentis,
1524 1809 1566 1891 in
1587 1817 1765 1922 totoque
1782 1810 1871 1892 eius
1892 1818 2011 1897 teno-

355 1952 402 2006 re
420 1924 691 2028 ratificamus,
725 1927 990 2028 innouamus,
1026 1928 1295 2037 aprobamus,
1329 1937 1372 2011 et
1393 1927 1689 2013 confirmamus
1724 1928 2008 2038 presentibus,

355 2040 630 2127 decernentes
650 2044 753 2129 illud
774 2043 902 2129 robur
925 2044 1065 2130 debite
1086 2054 1379 2159 perpetueque
1400 2046 1607 2131 firmitatis
1631 2049 1829 2159 optinere,
1862 2059 2006 2132 tenore
2124 2067 2135 2090 ⁰

230 2163 232 2169 ’
354 2165 618 2269 presencium
640 2161 864 2247 mediante.
897 2162 947 2247 In
968 2168 1088 2248 cuius
1109 2169 1171 2249 rei
1191 2167 1477 2250 testimonium
1506 2166 1773 2276 presentibus
1796 2166 2018 2281 [sigillum].

357 2290 422 2362 est
444 2309 690 2392 appensum.
737 2282 891 2365 Actum
917 2280 1137 2367 Graccooie
1159 2286 1257 2398 (εἰσ)
1281 2284 1387 2367 feria
1409 2293 1562 2392 quarta
1580 2284 1678 2369 festi
1699 2288 1839 2369 sancti
1870 2284 2011 2372 Steni-

356 2400 433 2484 slai
454 2405 498 2484 iu
517 2404 628 2485 maio
651 2428 761 2485 anuo
784 2403 941 2485 domini
960 2402 1176 2488 millesimo
1198 2406 1540 2517 quingentesimo
1564 2403 1741 2491 decimo.
1773 2405 1915 2517 Regni
1934 2435 2010 2490 ue·

313 2521 321 2536 '
354 2546 400 2603 ro
421 2523 554 2605 nostri
574 2548 683 2605 anno
706 2531 870 2633 quarto,
906 2522 1173 2631 presentibus
1202 2522 1359 2607 ibidem
1397 2521 1657 2609 Reuerendis
1678 2526 1720 2606 in
1743 2523 1912 2611 Christo
1933 2553 2012 2636 pa·

355 2640 490 2723 tribus
512 2640 689 2725 dominis
711 2638 879 2725 Joanne
902 2642 1037 2725 electo
1061 2643 1466 2728 confirmatosancte
1485 2643 1662 2728 ecclesie
1680 2642 1947 2733 Gueznensis
1968 2653 2012 2727 et

355 2755 495 2870 Regni
515 2762 647 2844 nostri
669 2757 944 2846 Oancellario.
962 2756 1123 2845 Mathia
1138 2761 1351 2871 Episcopo
1367 2760 1654 2868 Premisliensi
1670 2761 1809 2876 Regni
1824 2765 2013 2874 eiusdem

354 2874 723 2982 Vicecanoellario,
744 2907 823 2961 nec
844 2907 927 2964 non
946 2880 1195 2989 magnificis,
1230 2879 1543 2965 venerabilibus
1581 2892 1623 2964 et
1651 2882 1871 2994 genorosis
1892 2881 2016 2966 Chri·

354 2997 510 3081 stofero
533 2997 630 3109 (εἰσ)
653 2999 705 3079 de
724 2995 992 3080 Schidlouiecz
1015 2995 1360 3102 Sandomiriensi,
1397 2996 1564 3084 Jacobo
1602 2998 1843 3108 Siekliczlrij
1864 2998 2010 3084 Voini-

353 3116 497 3216 aiensi,
518 3115 695 3199 Nicolao
719 3115 771 3196 de
793 3112 1063 3199 Setidlouiecz
1094 3113 1379 3222 Radomiensi,
1416 3118 1589 3204 Nicolao
1611 3118 1775 3206 Jordan
1798 3118 1850 3200 de
1870 3116 2007 3201 Zalcli-

354 3231 439 3313 σεῖε
459 3229 666 3338 Biecensi,
689 3243 732 3316 et
753 3230 966 3317 Stanislao
989 3231 1267 3348 Ouropathua
1289 3237 1341 3322 de
1364 3235 1624 3322 Luczuclzouu
1662 3238 1904 3324 Chelmensi
1925 3237 2011 3324 Oa·

352 3349 553 3456 stellanis;
577 3349 788 3437 Stanislao
810 3352 862 3435 de
887 3349 1055 3438 Ctodecz
1072 3355 1278 3441 Marsalco
1296 3384 1347 3440 ac
1364 3356 1536 3441 Andrea
1558 3357 1612 3441 de
1639 3354 1905 3466 Cosczielijecz
1926 3358 2010 3443 Re·

353 3471 429 3580 gni
448 3472 580 3555 nostri
599 3470 859 3555 thesaurario
882 3471 1118 3580 Capitaneo
1142 3475 1443 3587 Schepusiensi
1465 3475 1562 3588 (εἰσ)
1584 3488 1627 3559 et
1646 3477 1935 3589 Bidgostiensi
1957 3506 2009 3561 ac

353 3589 564 3700 Zuppario
587 3598 629 3672 et
648 3605 918 3701 procuratore
941 3591 1252 3699 Craccouiensi,
1283 3593 1452 3680 Joanne
1473 3593 1710 3707 Lathalskij
1734 3593 2010 3700 Gnoznensis,

352 3707 676 3797 Graceouiensis
699 3708 796 3823 (εἰσ)
817 3709 1109 3796 Lanciciensis
1131 3713 1400 3797 ecelesiarum
1422 3717 1650 3826 preposito,
1673 3726 1715 3799 et
1736 3713 2009 3827 Sigismundo
2142 3737 2143 3740 ‘

354 3829 614 3941 Targouiclrj
638 3831 902 3915 decretorum
939 3832 1123 3938 doctore,
1161 3862 1211 3916 ao
1248 3832 1416 3919 Joanne
1453 3832 1746 3944 Oarnoouuskj
1783 3833 2011 3920 (lenonicia

353 3945 737 4035 Graccouiensibus
760 3959 803 4032 et
818 3954 1054 4034 secretariis
1075 3955 1242 4058 nostris,
1259 3961 1301 4034 et
1317 3953 1408 4035 aliis
1426 3953 2010 4064 consiliariis,curialibusque

353 4070 506 4152 uostris
525 4067 751 4181 fidedignis
772 4069 953 4153 testibus
974 4071 1032 4154 ad
1052 4072 1268 4178 premissa,
1306 4074 1470 4156 sincere
1492 4074 1645 4158 deuote
1667 4083 1711 4158 et
1729 4072 1925 4157 fidelibus
1948 4071 2010 4155 di·

352 4186 471 4269 lectis
494 4185 604 4300 (εἰσ).
635 4186 796 4269 Datum
815 4216 891 4298 per
911 4216 1064 4272 manus
1088 4191 1274 4272 eiusdem
1293 4191 1535 4276 Reuerendi
1553 4194 1686 4304 patris
1704 4192 1860 4278 domini
1875 4190 2009 4275 Joan·

353 4309 415 4389 nis
439 4305 560 4389 electi
581 4305 814 4392 confirmati
836 4308 1009 4393 ecclesie
1031 4305 1294 4395 Gneznensis
1324 4321 1366 4395 et
1386 4309 1526 4423 Regni
1562 4312 1732 4398 Polonie
1770 4303 2019 4396 cancellarii

352 4428 518 4519 ,sineere
537 4424 661 4512 nobis
684 4425 837 4537 dileotj.
