5409 6309
1415 863 1465 945 .”.
1515 892 1668 989 25¹...

765 1092 1066 1200 satiabatur
1088 1090 1519 1201 semperpertinebit
1550 1090 1716 1173 Damus
1740 1081 1869 1173 etiam
1889 1100 1934 1176 et
1953 1095 2371 1207 concedimusprae-
2423 1089 2428 1095 ’

670 1311 674 1324 ,
767 1220 908 1314 dictae
946 1210 1122 1293 Ciuitati
1157 1209 1502 1310 Sandomiriensi
1543 1208 1596 1290 de
1628 1209 1758 1293 fluuio
1794 1208 1943 1314 Wisla‚
1978 1214 2174 1320 superius
2196 1225 2242 1298 et
2258 1218 2369 1301 infra
2482 1241 2485 1244 ’

701 1321 713 1415 ’.
765 1329 884 1414 unius
918 1327 1182 1438 longitudine
1202 1325 1302 1440 (sio)
1324 1328 1508 1426 miliaria,
1545 1325 1633 1408 ubi·
1655 1325 1908 1412 Aduocatus
1945 1336 2122 1414 tantum.
2159 1360 2243 1439 pro
2257 1362 2304 1428 se
2327 1344 2370 1418 et

761 1451 849 1532 suis
864 1447 1070 1559 ‘legitimis
1092 1444 1424 1548 successoribus,
1447 1454 1490 1525 et
1508 1470 1595 1526 non
1612 1444 1729 1543 alter,
1752 1472 1851 1526 cum
1866 1455 2158 1557 quotcumque
2168 1452 2271 1534 rotis
2289 1479 2369 1536 vvo·

762 1570 832 1653 let:
857 1561 1220 1679 quatuor'habeat
1240 1571 1486 1645 construere
1506 1561 1762 1665 Molendina,
1792 1570 1834 1643 et
1853 1565 2080 1672 nonplura
2111 1595 2226 1676 quae
2262 1567 2370 1651 dure

763 1683 1045 1768 haereditario
1064 1680 1243 1793 pacifice
1266 1690 1311 1761 et
1330 1680 1473 1790 quiete
1495 1679 1618 1761 simul
1638 1683 1737 1761 cum
1757 1681 1917 1762 mansis
1938 1691 2049 1784 octo,
2067 1683 2119 1764 de
2136 1687 2277 1793 gratia
2291 1714 2370 1770 no·

599 1814 640 1853 ·“
763 1814 851 1886 stra
882 1801 1035 1884 additis
1072 1801 1240 1910 absque
1275 1824 1429 1878 census
1466 1796 1688 1900 solutione,
1726 1807 1780 1879 et.
1801 1800 2020 1884 exactione
2061 1802 2372 1910 imperpetuum
2530 1879 2533 1884 ,

759 1918 1012 2031 possidebit.
1045 1917 1400 2002 Pronunctiamus
1417 1915 1551 2010 etiam
1575 1925 1619 1996 et
1639 1916 1913 1999 concedimus
1950 1943 2053 2028 sepe
2088 1918 2200 2010 dioto
2223 1920 2373 2006 Aduo-

667 2095 669 2098 ψ
766 2048 876 2122 cato.
924 2035 983 2118 Ut
1016 2035 1125 2117 ullus
1163 2031 1336 2147 (siciin
1366 2061 1490 2116 suum
1524 2033 1832 2142 praejudicium
1864 2033 2037 2143 aliquod
2074 2038 2235 2119 audeat
2267 2066 2370 2123 con·

763 2165 924 2241 struere
945 2137 1261 2236 molendinum
1250 2180 1293 2233 ιιι
1314 2151 1444 2234 fluuio
1465 2154 1693 2235 nominato.
1721 2151 1892 2234 donec
1880 2178 1973 2263 lpse
1994 2163 2178 2264 quatuor
2197 2157 2347 2240 loca
2296 2183 2371 2238 sr-

762 2273 838 2357 bi
827 2288 874 2353 m'
894 2270 1044 2374 eodem
1064 2270 1194 2353 fluuio
1208 2277 1392 2380 quatuor
1402 2269 1737 2353 molendrnorum
1766 2295 1844 2376 pro
1865 2295 1944 2350 sua
1965 2270 2141 2381 elegerit
2161 2301 2211 2354 ac
2231 2302 2368 2358 reser-

762 2392 929 2478 uauerit
912 2388 1200 2472 tvoluntate
1232 2387 1472 2491 Praeterea,
1508 2385 1544 2467 si
1568 2389 1670 2497 quis
1692 2385 1809 2505 alter,
1829 2413 1907 2495 pro
1929 2415 1974 2469 se
1991 2386 2107 2472 volet
2125 2401 2389 2494 construere⁸
2429 2489 2432 2498 .

632 2572 638 2582 .
681 2607 686 2612 θ
728 2517 809 2591 ·et
827 2533 1077 2614 comparare
1096 2504 1350 2608 Molendina,
1371 2532 1456 2588 non
1477 2505 1597 2587 aliter
1617 2487 1789 2604 audeat,
1824 2503 1906 2588 nisi
1926 2507 2062 2613 primo
2089 2535 2115 2588 a
2136 2510 2272 2614 nobis,
2303 2511 2373 2595 vel
2533 2529 2535 2535 “

765 2654 792 2707 a
814 2626 967 2728 nostris
989 2623 1269 2706 succedaneis
1289 2623 1439 2705 locum
1449 2632 1576 2723 emat,
1598 2621 1668 2704 vel
1689 2623 1880 2705 obtineat
1894 2623 2181 2708 molendinum
2193 2626 2372 2738 Piscen-

765 2723 926 2853 dique
915 2768 960 2821 m
979 2737 1196 2850 praedicto
1217 2741 1346 2825 fluuio
1368 2738 1507 2824 Wizla
1530 2685 1705 2826 Ciuitati
1733 2737 2042 2874 praehabitas-⁸
2029 2769 2115 2822 ram
2137 2745 2373 2854 assignate,

763 2859 1015 2942 Aduocatus
1048 2885 1145 2939 cum
1167 2855 1362 2941 Ciuibus
1387 2859 1578 2940 eiusdem
1610 2829 1851 2959 ciuitatis,
1849 2856 1990 2962 pisces
2021 2859 2271 2967 qualescum
2302 2889 2371 2966 ue,
2529 2915 2533 2922 f

705 3023 714 3030 ·
763 2985 809 3061 et
828 2995 1117 3088 quocumque
1114 2974 1303 3059 artificio
1324 2975 1544 3078 voluerint,
1580 2975 1758 3058 liberam
1779 2974 1970 3057 habeant
1989 2890 2372 3064 voluntatemlto-

744 3095 901 3232 lomus
922 3094 1055 3231 etiam
1070 3094 1186 3204 quod
1208 3120 1294 3178 non
1315 3092 1516 3229 obstante
1553 3094 1731 3176 alicuius
1765 3085 2049 3202 perhibitione
2069 3096 2138 3179 vel
2158 3096 2375 3184 contradi
2391 3195 2398 3204 ‚

731 3329 1171 3437 »riensitsepedictae
1205 3328 1365 3421 tratres
1405 3331 1724 3439 praedicatores
1767 3330 1820 3410 de
1862 3329 1987 3413 'domo
2030 3328 2371 3436 Sandomiriensi,

762 3447 1099 3556 piscescapiarit
1115 3447 1258 3551 libere,
1279 3446 1627 3556 qualescumque,
1665 3456 1709 3526 et
1739 3472 2013 3556 quocumque
2033 3445 2210 3530 artificio
2226 3449 2372 3532 volue-

615 3593 619 3600 ·
649 3583 683 3632 γι
761 3564 1043 3668 rint‚·tantum
1074 3592 1151 3674 pro
1172 3563 1373 3648 fratribus
1410 3591 1514 3645 suae
1549 3562 1698 3646 domus
1723 3571 1765 3641 et
1783 3587 1870 3644 non
1889 3562 1947 3643 ad
1966 3562 2253 3668 vendendum,
2288 3593 2370 3650 nec

764 3681 969 3782 alternisi
988 3682 1153 3784 francs,
1176 3682 1315 3763 dictae
1338 3679 1487 3763 domus
1511 3680 1888 3779 Sandomiriensis‚¹
1915 3677 1983 3761 vel
2010 3680 2198 3787 spetialis
2220 3680 2276 3764 de
2297 3703 2388 3766 ea*
2503 3685 2511 3696 “

696 3847 701 3854 -
749 3799 870 3886 demt
883 3801 1215 3909 domopiscator
1248 3801 1390 3907 pisces
1423 3793 1597 3880 'habeat'
1613 3822 1690 3906 pro
1710 3793 1909 3878 fratribus
1947 3798 2144 3903 capiendi
2177 3808 2370 3906 potesta·

694 4009 701 4022 ,
760 3928 868 4020 tem,‘
893 3917 1180 4026 Molendinum
1214 3917 1344 3998 etiam
1381 3916 1612 3998 eorundem
1645 3912 1823 3996 fratrum
1850 3913 2205 4019 praedicatorum,
2241 3943 2370 4027 super
2412 3999 2416 4006 s
2508 3929 2512 3938 '

761 4058 897 4114 naues
928 4033 1045 4141 quod
1065 4032 1247 4116 habent.
1267 4033 1534 4143 abantiquo,
1570 4032 1764 4116 volumus
1787 4030 1954 4116 deloco
1975 4056 2060 4118 suo
2088 4060 2172 4118 non
2209 4060 2370 4120 ammo·

555 4185 559 4196 ¹
696 4227 701 4238 ‚
761 4146 1263 4261 rerj1(aic),·necaliquot
1282 4179 1309 4232 a
1328 4150 1456 4234 modo
1471 4150 1598 4232 liceat
1613 4151 1676 4234 eis
1690 4159 1948 4234 consumere.
1969 4158 2138 4256 praeter
2152 4150 2235 4232 hoo
2248 4151 2370 4262 quod

761 4267 926 4366 lrabeat
945 4267 1244 4351 Molendibum.
1278 4268 1433 4377 Sijluas
1455 4268 1585 4349 etiam
1604 4267 1866 4378 ubicumque
1885 4267 2074 4352 locorum
2104 4277 2292 4354 nostrae,
2305 4269 2368 4350 di·
2478 4275 2484 4278 ’

760 4386 1159 4496 tionippertinentes,
1177 4413 1255 4495 pro
1270 4387 1452 4470 utilitate
1471 4386 1670 4470 Oiuitatis
1698 4384 1991 4495 praehabitas,
2029 4387 2179 4475 damus
2202 4397 2248 4467 et
2266 4413 2369 4492 con·
2412 4397 2416 4404 ’

763 4506 953 4587 cedimus
989 4504 1184 4587 omnibus
1221 4504 1520 4589 uniuersaliter·
1549 4503 1774 4608 incidendi,
1812 4512 1856 4590 et
1888 4512 2062 4611 pontem
2097 4532 2173 4613 per
2193 4504 2368 4590 fluuium

693 4665 698 4674 ·
721 4729 724 4736 Ι
763 4620 943 4704 Wislam
964 4624 1155 4731 parandi,
1176 4620 1354 4714 liberam
1371 4634 1415 4706 et
1430 4619 1722 4708 omnimodam
1731 4628 1989 4730 potestatem
2002 4624 2064 4706 ita
2077 4631 2235 4724 tamen,
2251 4619 2369 4730 quod
2429 4678 2432 4682 ‚

764 4739 801 4819 si
818 4740 1065 4844 praedictus
1083 4768 1192 4849 pons
1212 4743 1428 4844 corruerit,
1450 4768 1477 4821 a
1499 4770 1603 4824 casu
1622 4739 1691 4824 vel
1710 4749 1944 4836 vetustata·
1960 4753 2037 4821 seu
2057 4768 2085 4820 a
2105 4738 2366 4850 glaciesup·

761 4880 954 4963 pressus.
968 4856 1162 4964 volumus
1183 4868 1299 4964 tuno.
1318 4858 1441 4968 quod
1463 4856 1594 4965 Ciues
1616 4859 1875 4965 praedictae
1891 4933 1894 4938 ,
1912 4855 2127 4939 Ciuitatis
2144 4856 2368 4964 nauigium
2470 4875 2474 4882 “

754 4980 963 5076 statuant,
982 5000 1069 5057 non
1089 4984 1233 5058 autem
1258 4975 1460 5058 veiusdem
1496 4975 1655 5092 nauigij
1693 4973 1858 5074 lucrum
1891 4974 2104 5082 percipiat
2133 4972 2367 5084 quisquam
2510 4967 2546 5036 s
