5409 6309
1033 887 1079 911 -·=
1132 853 1206 931 385
1259 889 1309 908 -·

339 1065 500 1170 Datum
520 1087 767 1176 parmenus
787 1060 1026 1150 Reverendi
1038 1059 1089 1144 ‘in
1109 1055 1280 1146 (lhristc
1299 1055 1433 1169 patus
1451 1054 1608 1141 domini
1627 1045 1789 1139 Alberti
1810 1052 1878 1138 dol
1894 1067 1994 1165 gran

199 1269 206 1282 ,
340 1187 412 1269 cia
433 1182 752 1271 &secoviensis
772 1179 976 1291 Episcopi
1006 1179 1148 1293 Regni
1177 1176 1352 1264 Polcnie
1382 1169 1644 1278 Ooocellarii,
1675 1184 1722 1257 et
1745 1172 1998 1258 uenerabilis

340 1303 525 1390 Jocnnis
547 1303 699 1387 decani
718 1298 1044 1388 Graccouieusis
1064 1298 1165 1414 (sic)
1183 1293 1324 1410 Regni
1344 1295 1533 1379 eiusdem
1554 1293 1898 1399 vicecancellarii,
1914 1295 2000 1376 aiu·

343 1451 441 1507 cere
460 1421 583 1508 nobis
607 1422 869 1507 dilectoruma
970 1441 971 1444 ‘
1087 1467 1090 1476 ›
1198 1439 1200 1450 ¹
1444 1441 1447 1448 ·
1574 1429 1578 1442 ·
1759 1427 1764 1434 ’
1991 1463 1994 1468 .

1063 1821 1294 1945 cxovn,

358 2077 362 2086 ·
419 2123 425 2140 ·
452 2083 901 2198 nanneno-ure
925 2084 1008 2171 ao
1033 2081 1231 2167 menen
1259 2033 1534 2188 concarp
1560 2080 1710 2168 1424
1731 2063 1929 2176 ,assa

277 2307 280 2314 ’
406 2306 595 2417 Petrus
616 2306 769 2379 senatus
789 2304 828 2378 tc
850 2305 1000 2390 leonae
1014 2304 1092 2372 eota
1113 2305 1227 2374 nucu
1240 2298 1469 2376 meriton
1492 2300 1633 2393 prudenti
1655 2300 1721 2376 siro
1748 2298 1884 2374 innuo
1899 2302 1949 2391 (i

450 2514 499 2599 Iu
521 2514 690 2600 nomine
713 2511 868 2597 domini
890 2539 1027 2596 amen.
1061 2507 1274 2611 Quoniam
1295 2538 1346 2595 ea
1369 2538 1454 2620 que
1475 2499 1731 2595 inhumanis
1749 2510 1883 2622 gestis
1898 2510 2007 2598 fiunt

346 2635 390 2718 in
410 2645 613 2746 tempore,
636 2662 689 2718 ea
709 2633 832 2718 simul
851 2632 1020 2718 labente
1040 2641 1230 2739 tempore
1263 2631 1563 2743 deperduntur,
1593 2631 1724 2743 igitur
1755 2629 1928 2740 expedit
1956 2642 2005 2717 ut

346 2755 514 2865 scriptis
535 2763 579 2836 et
598 2754 834 2866 sigillorum
869 2750 1136 2858 munimentis
1172 2748 1433 2836 roborentur.
1482 2747 1695 2851 Quocirca
1713 2775 1791 2832 nos
1813 2747 2005 2836 Andreas

345 2871 627 2983 Modliboskij,
649 2897 833 2956 necnon
854 2881 969 2955 tutor
989 2867 1271 2981 Lopowc'enn‘s,
1301 2898 1388 2953 una
1426 2895 1522 2950 cum
1544 2877 1711 2979 septem
1731 2866 1920 2953 scultetis
1943 2870 2007 2953 di-

347 2995 498 3075 strictu
519 2988 617 3105 (sic)
639 2990 921 3103 Lapowiensis,
957 2989 1098 3100 primo
1115 3015 1209 3069 cum
1232 2987 1455 3071 Tomkone
1479 2987 1531 3069 de
1552 2984 1823 3071 Neruclcurzow
1844 2985 2000 3073 Judice

346 3136 575 3222 suppremo
596 3106 713 3192 iuris
735 3106 1018 3220 Lupowienais,
1041 3134 1119 3188 nec
1140 3132 1225 3189 non
1245 3103 1443 3215 Bystram
1481 3104 1610 3189 fratre
1648 3132 1724 3190 suo
1762 3106 1813 3189 de
1834 3105 2004 3213 ibidem,

350 3240 393 3314 et
412 3230 539 3315 Petro
563 3228 614 3310 de
636 3226 805 3331 Potrow,
824 3226 1001 3312 Nicolao
1024 3226 1076 3308 de
1097 3223 1261 3336 Lopow,
1282 3224 1445 3310 Mathia
1467 3229 1520 3311 de
1542 3223 1711 3330 Suadet,
1746 3223 1931 3310 Brathos
1954 3227 2006 3311 de

254 3351 258 3360 '
355 3344 485 3452 Wotc,
509 3345 722 3432 Stanislao
745 3345 798 3428 de
826 3342 1062 3449 Wesectow,
1085 3341 1285 3448 Johaune
1308 3345 1362 3430 de
1384 3344 1626 3431 Olsewinczc
1660 3348 2005 3458 recognoscimus

347 3478 496 3553 tencre
530 3465 799 3578 presencium
835 3465 993 3577 quibus
1030 3464 1200 3574 expedit
1234 3467 1461 3551 universsis
1484 3463 1583 3581 (sic)
1615 3471 1704 3548 tam
1737 3465 2004 3577 presentibus

303 3665 307 3673 ,
349 3616 480 3700 quam
500 3581 663 3690 futuris,
695 3583 813 3696 quod
833 3584 1042 3668 accedens
1065 3582 1120 3667 ad
1141 3590 1327 3668 nostram
1351 3596 1394 3668 et
1413 3585 1591 3671 aliorum
1621 3581 1731 3668 infra
1750 3585 2000 3694 scriptorum

348 3706 613 3819 presenciam
633 3702 810 3788 bannito
824 3704 867 3786 in
882 3703 1038 3789 iudicio
1053 3703 1207 3788 Petrus
1227 3703 1430 3790 scoltetus
1453 3705 1506 3788 de
1530 3701 1752 3806 Senblcowc
1766 3702 1879 3808 wele,
1902 3731 2006 3789 sane
2040 3780 2050 3808 ,

349 3825 503 3910 mentis
524 3825 721 3929 existens,
741 3849 827 3906 non
848 3821 1102 3933 compulsus.
1123 3849 1203 3904 neo
1225 3833 1412 3929 coactis,
1433 3851 1575 3936 neque
1597 3822 1739 3934 aliquo
1762 3822 1860 3924 dolo
1879 3825 2007 3909 sedu-

352 3955 460 4048 ctus,
491 3944 569 4026 sed
600 3940 787 4028 debona
816 3942 1079 4053 volumptate
1101 3940 1200 4055 (sic)
1223 3968 1273 4022 ac
1294 3943 1361 4027 su'i
1383 3944 1512 4028 enimi
1544 3941 1872 4049 deliberacione,
1905 3945 2008 4028 resi-

356 4064 506 4176 gnavit
525 4090 576 4146 ao
595 4061 789 4147 vendidit
822 4061 1068 4146 scolteciam
1097 4061 1141 4143 in
1179 4059 1402 4162 Sonblcowc
1422 4059 1525 4146 coola
1544 4089 1620 4172 pro
1641 4063 1819 4173 triginta
1848 4066 2001 4148 marcis

352 4190 522 4267 monete
541 4179 792 4267 Polonioalis
813 4181 974 4263 numeri
995 4181 1208 4284 consueti,
1229 4189 1317 4263 tam
1332 4180 1459 4294 longe
1478 4210 1529 4266 ac
1544 4181 1643 4286 late,
1663 4179 1791 4265 velud
1812 4178 1909 4295 (sic)
1929 4208 1997 4267 so·

294 4473 305 4494 s
458 4418 496 4497 (¹)
520 4415 589 4484 Leo
602 4414 856 4501 Rzyszczewski
869 4414 1044 4500 descripsit
1054 4414 1271 4502 apographon
1285 4415 1350 4482 hoc
1365 4438 1406 4480 ex
1421 4416 1603 4503 archetypo
1616 4422 1784 4483 asservato
1799 4414 2008 4504 in'tcltulsric

354 4501 498 4589 Capituli
515 4499 723 4569 cathedralis
740 4497 1033 4567 wladislaviensis·
1078 4498 1229 4584 Sigillum
1242 4524 1343 4566 unum
1357 4512 1460 4569 restat
1474 4525 1542 4570 non
1556 4521 1723 4590 magnum,
1749 4500 1842 4585 cajus
1867 4501 2007 4591 iuscrip-

352 4588 400 4654 tio
416 4586 547 4673 penitus
562 4583 678 4663 deleta,
694 4583 837 4650 alterum
851 4583 992 4670 sigillum
1007 4582 1218 4650 desideratur.
1241 4584 1416 4652 Taeniolae
1431 4597 1506 4655 sunt
1519 4606 1745 4738 parpamenae.

461 4670 501 4752 (²)
524 4671 643 4757 cepoe
659 4669 816 4757 oppidum
832 4668 1107 4736 Saudomiriensis
1136 4691 1201 4734 sem
1227 4691 1262 4735 er
1286 4671 1478 4758 provinciae
1492 4674 1554 4740 furt
1606 4671 1744 4757 odieque
1775 4682 1836 4748 est,
1865 4671 2008 4759 regionis

353 4779 433 4823 vero
448 4755 693 4843 Opatoriensia
736 4755 774 4820 ln
787 4752 947 4840 parochia
962 4754 1108 4841 ejusdem
1124 4776 1144 4818 o
1169 4692 1238 4840 pili
1253 4775 1339 4821 anno
1357 4757 1438 4822 1676
1453 4756 1535 4823 sitce
1551 4766 1626 4825 sunt
1640 4756 1737 4822 villae
1767 4765 1940 4843 sequentes
1956 4756 2011 4824 hic

351 4851 559 4911 memoratae
571 4840 763 4909 Nicatomw
776 4838 1053 4923 (Ncwstarwwin
1067 4776 1358 4938 tabulsl‚Pinrw‚
1379 4839 1551 4908 Wsmtoc
1563 4843 1609 4925 (in
1625 4841 1691 4909 tab.
1716 4842 1912 4929 Wesartiw),
1936 4843 2008 4911 Wo-

351 4929 385 4995 lo
399 4928 551 5013 Ζᾳὸῶοωο
563 4937 597 4992 et
618 4926 709 4994 Wole
721 4927 906 5014 Lapcuoko.
928 4923 1125 4993 Niskonis
1139 4923 1237 4994 cham
1250 4921 1361 4991 villam
1376 4933 1485 4992 tamen
1507 4926 1540 4993 in
1554 4927 1715 5015 parochis
1735 4928 1846 4997 vicina
1871 4930 2007 4997 Boettc-

353 5017 466 5080 uioemi
479 5012 671 5092 invenimus
687 5011 742 5078 ubi
756 5020 834 5079 sunt
850 5008 1184 5102 Olcecinezcsscndet,
1209 5012 1353 5102 Wopriw
1368 5010 1541 5080 nescimus.
2000 5057 2005 5067 -

459 5114 539 5156 'tenu
554 5113 592 5155 ut
1764 5118 1806 5181 49
