5409 6309
1306 732 1616 810 .—⁷.4-

654 952 796 1061 ipsum
814 940 1117 1031 Monasterium
1151 930 1356 1045 praediis,
1387 923 1678 1042 proventibus,
1699 927 1966 1017 libertatibus
1989 960 2067 1017 seu
2086 935 2329 1021 immunitu-
2378 972 2385 980 ·
2500 1013 2501 1016 a

655 1067 772 1151 tibus
807 1056 1083 1165 infrascriptis
1115 1052 1310 1134 duximus
1348 1050 1594 1136 dotandum.
1648 1048 1913 1169 Contulimus
1948 1054 2157 1167 siquidem
2191 1059 2329 1172 eidem
2435 1087 2442 1094 ·

656 1181 914 1270 Monasterie
948 1175 1069 1258 villas
1104 1169 1213 1252 iufra
1248 1169 1509 1270 nominatas,
1547 1195 1643 1253 cum
1685 1170 1880 1253 omnibus
1901 1172 1990 1255 suis
2009 1172 2261 1259 utilitatibus
2284 1187 2330 1260 et
2474 1173 2478 1182 ’

657 1294 940 1411 pertinentijs‚
970 1288 1222 1375 Melendinis
1253 1285 1472 1390 videlicet,
1496 1284 1707 1372 Tabernis
1730 1313 1843 1394 quae
1862 1317 1977 1372 nunc
1998 1301 2099 1374 sunt
2118 1294 2186 1377 vel
2206 1306 2329 1377 erunt

658 1422 701 1500 in
721 1427 958 1524 posterum,
980 1419 1142 1490 etcum
1176 1406 1329 1514 pratis,
1365 1402 1630 1509 nemoribus,
1665 1401 1992 1515 piscationibus,
2015 1419 2178 1493 etcum
2197 1439 2331 1495 vens·

658 1534 846 1622 tionibus
867 1538 1082 1610 castorum
1104 1533 1148 1608 et
1168 1523 1344 1604 alianum
1365 1521 1618 1626 bestiarum,
1637 1531 1681 1604 et
1700 1518 1737 1601 si
1758 1551 1872 1634 quae
1893 1524 2002 1606 aliae
2022 1535 2122 1609 sunt
2141 1537 2331 1613 commc-

660 1654 816 1735 ditates
838 1645 1170 1758 quibuscunque
1191 1639 1433 1722 nominibus
1456 1649 1722 1722 censeantur.
1772 1639 1922 1749 Ipsum
1943 1642 2103 1727 scilicet
2124 1646 2330 1754 oppidum

661 1765 920 1868 Zuuicllostlz²
957 1763 1047 1844 iure
1071 1757 1330 1866 ,theutonico
1361 1757 1548 1841 locatum
1570 1785 1669 1839 cum
1688 1757 1940 1842 utilitatibus
1960 1769 2005 1841 et
2023 1761 2331 1869 piscationibus

561 1911 564 1914 ’
664 1885 828 1985 Vislae‚
857 1883 978 1963 cuius
1000 1876 1167 1960 termini
1188 1881 1312 1956 erunt
1331 1876 1529 1983 superius
1569 1902 1709 1987 usque
1745 1877 1789 1959 in
1815 1871 1915 1962 Usce
1936 1886 1981 1960 et
1999 1875 2173 1963 inferius
2192 1907 2333 1990 usque

664 2004 721 2088 ad
741 2002 901 2085 miliare
923 2005 1085 2080 etcum
1104 1993 1211 2076 villis
1233 1990 1530 2100 adiacentibus
1563 2020 1745 2103 querum
1767 1992 1865 2106 (sic)
1895 1997 2067 2078 nomina
2089 2008 2189 2079 sunt
2207 1997 2329 2079 haece

670 2120 820 2226 Viuary
858 2139 955 2198 cum
989 2116 1087 2196 lacu
1107 2111 1183 2222 qui
1200 2111 1317 2190 iacet
1336 2109 1381 2189 in
1405 2103 1623 2208 Consumis,
1660 2108 1868 2219 Peccart'j,
1903 2107 2119 2213 Czerzr‘ur'n,
2142 2115 2330 2216 Drurcw,

518 2279 524 2294 κ
663 2223 947 2334 Pudrcecicze,‘
978 2232 1170 2333 Boreum,
1204 2224 1434 2336 Pstlrruqij,
1470 2226 1676 2329 Hoslrue,
1717 2224 1895 2329 cossino,
1917 2230 2091 2331 Turius,
2114 2217 2332 2343 Lyp'czinu

664 2349 895 2450 Duronius,
933 2348 1018 2432 S....
1037 2344 1104 2458 (ι’),
1140 2345 1367 2443 Brescuue,
1416 2339 1657 2455 Wuuyrcze,
1695 2345 1918 2455 Daur'darry
1944 2344 2013 2459 (³),
2064 2347 2208 2438 Vinum
2236 2348 2334 2463 (sic)

663 2468 837 2552 inferius
858 2494 986 2575 super
1005 2462 1166 2546 Vislam
1188 2487 1285 2541 cum
1307 2458 1525 2562 clausura,
1562 2458 1779 2559 Solotlrleu,
1818 2460 2065 2577 Wezolbiuye
2087 2494 2199 2576 quae
2214 2495 2336 2570 vnunc
2491 2501 2498 2512 ·

530 2665 536 2680 ,
627 2597 631 2604 ’
667 2586 849 2692 Ostrcwc
883 2584 1055 2684 dicitur,
1080 2589 1121 2662 et
1142 2580 1305 2687 aliquas
1344 2586 1482 2660 sortes
1502 2577 1547 2658 in
1568 2573 1726 2660 lelr'cd
1743 2587 1788 2661 et
1811 2576 1972 2678 Cobnicr'
2003 2610 2100 2664 cum
2135 2584 2261 2666 vines
2290 2595 2337 2687 et

667 2704 782 2814 agris
819 2699 1076 2814 &lundonie
1114 2693 1305 2779 Urrobicze
1347 2690 1623 2775 Wloscewr‘cze
1646 2703 1689 2776 et
1707 2695 1968 2781 Ecclessiam
2003 2700 2047 2781 in
2083 2698 2335 2788 Zamuciecz
2458 2801 2465 2812 ι

667 2848 766 2904 cum
811 2816 1064 2925 sanctuarijs
1112 2840 1292 2925 quorum
1338 2825 1437 2895 suut
1470 2811 1579 2892 haec
1617 2816 1806 2899 nomine:
1838 2814 1998 2899 Paulus
2035 2845 2133 2899 cum
2169 2816 2336 2902 duabus

667 2937 888 3041 fratribus,
922 2933 1109 3019 Michael
1144 2959 1242 3024 cum
1283 2928 1411 3011 fratre
1449 2936 1494 3010 et
1529 2927 1695 3013 duobus
1727 2931 1824 3042 filijs
1858 2942 1900 3014 et
1920 2932 2194 3038 Camerariis²
2229 2962 2340 3047 quo·
2403 2939 2408 2948 “

531 3055 534 3062 ’
667 3084 764 3142 rum
798 3048 907 3137 haec
943 3061 1044 3137 sunt
1077 3038 1250 3135 no‘mina
1269 3045 1507 3130 Domanus.
1541 3045 1744 3130 Sdeslaus
1766 3049 1906 3134 Eissel
1927 3060 1971 3135 et
1991 3052 2186 3136 omnibus
2207 3053 2340 3162 perti·

667 3173 823 3284 nentijs
844 3174 932 3255 suis
955 3180 1000 3255 et
1019 3169 1169 3254 annuis
1189 3162 1427 3248 redditibus
1449 3164 1524 3275 qui
1545 3172 1646 3246 sunt
1664 3166 1735 3275 hij:
1774 3167 2003 3255 Tabernae
2026 3199 2124 3254 curn
2141 3159 2340 3255 theloneo

388 3381 389 3386 Ν
670 3290 864 3376 eiusdem
898 3289 1021 3373 villae
1045 3296 1088 3370 et
1107 3286 1284 3370 aliarum
1319 3282 1628 3389 pertinencium
1649 3284 1706 3365 ad
1728 3285 1911 3372 eandem
1932 3288 1986 3370 de
2010 3286 2175 3373 Celario
2206 3287 2342 3374 Ducis
2450 3335 2453 3340 ·

671 3434 749 3491 sex
768 3415 926 3487 tunnas
947 3399 1095 3488 mellis.
1129 3401 1271 3484 Stroza
1292 3398 1473 3482 duarum
1492 3400 1808 3508 provinciarum
1830 3404 1947 3516 quud
1975 3404 2098 3518 Opole
2113 3405 2346 3515 vulgariter
2469 3477 2474 3484 .

512 3515 516 3520 ⁴
670 3520 923 3634 appellatur.
973 3522 1181 3605 Decimae
1211 3515 1406 3599 villarum
1426 3513 1763 3625 subscriptarum
1784 3519 2035 3605 Zuruowiecz
2057 3531 2101 3603 et
2123 3517 2342 3635 Coriczcnij

669 3650 715 3725 et
742 3637 904 3722 Wrema
923 3649 966 3722 et
993 3635 1132 3719 Wdcw
1154 3632 1210 3748 (⁴)
1233 3640 1275 3713 et
1302 3630 1503 3714 Wirbr'cza
1525 3631 1581 3744 (ὅ)
1617 3646 1662 3717 et
1689 3635 1916 3744 chrclccw
1940 3648 1983 3720 et
2001 3639 2162 3749 Holcpa
2182 3649 2226 3721 et
2247 3640 2345 3721 Mn-

673 3754 830 3868 lrssrylczc
855 3767 898 3840 et
924 3752 1093 3840 Wellcew
1128 3764 1171 3836 et
1198 3745 1358 3835 Holuza
1387 3759 1431 3830 et
1468 3745 1661 3833 Wrbwwa
1690 3754 1789 3858 villa
1818 3783 1895 3863 per
1915 3781 1992 3840 nos
2016 3751 2171 3854 collata
2191 3765 2235 3839 et
2256 3755 2345 3839 Mi-
2422 3745 2443 3844 s

540 3935 542 3940 »
673 3871 817 3958 clenica·
834 3872 1165 3979 etMorcmcru'cr'
1183 3868 1238 3984 (⁸)
1262 3876 1304 3950 et
1322 3865 1566 3949 Pdmcscuue
1588 3870 1643 3981 (¹)
1677 3879 1720 3954 et
1746 3871 1954 3982 Rekyllmo
1988 3873 2087 3958 villa
2120 3873 2343 3959 Ecclesiae
2497 3925 2504 3938 ι

674 4018 774 4078 cum
815 3993 982 4075 decima
1018 3998 1061 4072 et
1101 3988 1215 4074 Velia
1250 3995 1295 4106 et
1331 3981 1577 4069 Moeridlaue
1619 3998 1664 4070 et
1705 3986 1877 4102 Costolly
1913 3988 1968 4107 (⁸)
2010 3991 2185 4074 Bobretlr
2206 3989 2264 4104 (⁹)
2300 4000 2345 4075 et

674 4108 902 4221 Prziclwdsj
913 4105 988 4226 (¹⁰)
1006 4118 1050 4192 et
1059 4103 1314 4192 Kurozueclzi
1321 4099 1396 4220 (¹¹)
1419 4109 1463 4184 et
1479 4099 1682 4189 Osmeuicr'
1700 4117 1745 4190 et
1764 4108 1905 4196 Badra
1928 4118 1970 4192 et
1989 4107 2169 4192 Zuclrm
2190 4120 2234 4192 et
2252 4137 2345 4210 me·

675 4225 792 4311 dium
813 4225 1019 4313 Seudei'ruo
1038 4219 1117 4340 (ι’)
1153 4223 1272 4336 quod
1306 4220 1498 4331 possidet
1535 4218 1690 4308 Cernes
1705 4221 1848 4310 Adam
1857 4229 1870 4333 ,'
1887 4225 2096 4310 Dedimus
2115 4227 2243 4310 etiam
2263 4227 2345 4338 ipsi
2412 4261 2416 4266 ·
2452 4217 2455 4221 ⁴

643 4344 933 4456 *nonasterio
958 4356 1144 4429 ‘centum
1180 4363 1367 4458 marcas
1387 4339 1556 4449 urgenti
1589 4343 1686 4451 puri
1707 4353 1751 4425 et
1768 4353 1904 4428 totum
1937 4343 2125 4428 valorem
2164 4335 2345 4429 duorum
2526 4339 2530 4350 “

678 4461 890 4550 alueorum
921 4464 1020 4549 salis
1041 4462 1119 4577 qui
1141 4455 1274 4542 Coruo
1307 4456 1540 4568 vulgariter
1560 4460 1840 4570 ,appellantis
1857 4464 1903 4546 in
1921 4461 2016 4548 loco
2037 4464 2112 4573 qui
2139 4488 2348 4574 magnum

782 4680 826 4761 (²)
846 4677 1006 4743 vacuum.
1043 4678 1087 4757 (ὅ)
1100 4675 1262 4742 Vacnum.
1297 4675 1340 4756 (⁴)
1363 4669 1489 4739 neon.
1525 4673 1569 4751 (⁵)
1584 4671 1786 4743 Wierzbica.
1820 4679 1866 4763 (⁸)
1880 4675 2127 4745 Msrolnowice.

783 4763 828 4843 (¹)
841 4760 1133 4846 Przedmoscisny.
1169 4765 1214 4842 (ὅ)
1235 4759 1408 4845 Koslowy.
1444 4754 1488 4837 (⁹)
1509 4752 1658 4822 Bobrek.

783 4846 842 4930 (¹⁰)
860 4841 1073 4929 Przyebedy.
1107 4845 1166 4929 (¹¹)
1187 4844 1396 4948 Kurozweki
1430 4837 1489 4930 (¹²)
1509 4839 1749 4910 Studeniczuo.
1839 4889 1843 4894 -
