5409 6309
991 943 1002 952 .
1070 819 1326 920 r-ffl-

752 1138 754 1142 '
786 1118 956 1190 Concadia
978 1124 1058 1189 inter
1071 1071 1222 1190 Abbatcm
1236 1134 1263 1188 ei
1277 1113 1441 1218 Sdialcam
1457 1119 1613 1190 oman.

468 1270 507 1340 ln
521 1271 654 1339 nomine
668 1272 807 1342 Domini
819 1271 939 1342 Amen.
961 1271 1031 1340 Nos
1046 1273 1204 1359 magistet
1230 1271 1390 1341 Salomon
1417 1269 1977 1344 aromffiaeonussandomiriemis
1999 1287 2033 1344 ei

363 1351 458 1445 Uger
474 1355 520 1439 (i)
535 1357 593 1440 qui
609 1351 740 1422 dicetur
753 1356 981 1424 Buzalrarinus
993 1357 1079 1444 juris
1094 1357 1306 1455 professores
1336 1356 1554 1422 arbitratores
1579 1379 1637 1422 seu
1658 1357 1751 1456 pacis
1769 1357 2027 1445 compositores,

363 1439 463 1509 electi
476 1463 540 1527 per
552 1439 720 1505 dominum
735 1439 901 1508 Abbatem
917 1441 958 1507 de
973 1439 1142 1523 Lndemrr,
1169 1463 1227 1510 suo
1252 1450 1285 1506 et
1301 1449 1486 1508 conventus
1515 1440 1566 1505 sui
1580 1463 1726 1525 nornine,
1742 1465 1782 1508 ex
1797 1461 1863 1507 una
1875 1453 1982 1529 parte,
1998 1455 2033 1511 et

364 1527 521 1594 camitem
536 1524 723 1592 Sdislaunm
736 1549 778 1592 ex
794 1526 907 1608 altera,
924 1545 1024 1612 super
1041 1526 1292 1609 controversijs,
1309 1521 1501 1609 discordijs,
1527 1526 1757 1607 questionibus
1773 1534 1806 1591 ei
1822 1529 1936 1598 omisis,
1947 1530 2032 1597 eriis

364 1620 399 1676 et
414 1632 496 1693 quae
512 1610 592 1673 oriri
606 1621 750 1696 possunt
764 1633 865 1700 super
880 1610 1023 1678 ecclesia
1037 1610 1078 1675 de
1094 1610 1214 1692 Cirice,
1236 1610 1414 1676 occasione
1436 1609 1516 1676 iuris
1537 1619 1734 1694 patronatus
1750 1611 1820 1676 sive
1838 1615 2028 1696 possessio-

364 1691 416 1758 nis
431 1694 485 1760 vel
499 1694 593 1776 quasi
609 1693 757 1760 eiusdem
771 1696 864 1778 iuris,
880 1694 1027 1776 decimis,
1043 1703 1077 1758 et
1092 1694 1243 1759 omnibus
1270 1690 1343 1779 aiijs
1374 1693 1417 1758 ad
1440 1693 1546 1781 ipsam
1576 1694 1751 1761 ecclesiam
1774 1695 2029 1782 pertinentibus,

364 1777 550 1858 sumimus,
568 1777 743 1845 diffinimus
759 1789 792 1846 et
806 1775 1018 1865 precipimus,
1033 1787 1070 1842 ut
1086 1778 1194 1842 dictus
1209 1797 1320 1844 comes
1337 1777 1509 1846 Sdislauus
1540 1778 1650 1845 claves
1665 1790 1699 1845 et
1714 1789 1904 1844 ornamenta
1924 1782 2033 1866 ipsius

363 1862 505 1934 ecclesie
521 1863 594 1928 sine
609 1887 703 1928 mora
716 1865 751 1929 in
767 1864 917 1930 manibus
932 1865 1038 1948 ipsius
1064 1863 1192 1928 abbatis
1206 1865 1370 1946 restituat,
1394 1887 1456 1929 nec
1473 1865 1513 1930 de
1528 1874 1641 1931 cetero
1656 1888 1769 1949 perse
1784 1864 1839 1930 vel
1853 1881 2029 1933 successes

362 1967 418 2011 res
440 1969 531 2026 suos,
554 1949 703 2032 prefatos
718 1949 917 2014 abbatemet
932 1957 1131 2013 conventum
1147 1970 1248 2034 snper
1269 1950 1343 2032 jure
1358 1959 1555 2034 patronatus
1596 1949 1825 2034 possessione,
1855 1948 1910 2013 vel
1935 1952 2031 2034 quasi

361 2027 480 2114 ipsius,
497 2040 531 2095 et
546 2031 762 2098 ordinacione
777 2034 883 2117 ipsius
900 2031 1053 2115 ecclesie,
1070 2032 1220 2115 decimis,
1235 2034 1290 2097 vel
1304 2031 1405 2099 rebus
1422 2034 1506 2119 alijs,
1528 1998 1569 2097 ad
1585 2033 1690 2118 ipsam
1720 2029 1895 2100 ecelesiam
1923 2031 2029 2119 perti·-

362 2117 529 2198 nwiibus,
546 2116 721 2182 molestare
737 2137 797 2183 seu
811 2118 995 2201 inquietare
1009 2127 1188 2203 presumat
1218 2117 1380 2184 Volumus
1401 2125 1510 2184 autem
1534 2128 1567 2183 et
1583 2118 1772 2183 ordinamus
1801 2127 1941 2204 propter
1966 2120 2030 2184 bo·
2128 2125 2143 2132 ’”

363 2219 441 2263 num
454 2201 548 2287 pacis
565 2211 598 2266 ct
613 2202 805 2284 concordie,
821 2213 858 2268 ut
871 2203 991 2288 prelati
1007 2203 1109 2269 abbas
1126 2212 1159 2268 et
1178 2225 1257 2268 suus
1273 2213 1458 2269 conventus
1485 2202 1625 2269 eundem
1640 2202 1829 2269 Sdislauum
1844 2213 1876 2267 et
1892 2226 2029 2272 succes·

271 2307 274 2312 ·
365 2301 460 2351 sores
476 2305 568 2364 suos,
584 2285 725 2352 heredes
741 2286 846 2371 ipsius
861 2287 1053 2373 monasterij
1084 2287 1226 2353 debeant
1242 2300 1406 2375 reputare,
1424 2296 1457 2353 et
1470 2295 1635 2370 tamquam
1663 2286 1841 2352 heredibus
1869 2287 2032 2354 honorem

303 2395 306 2400 ·
362 2368 529 2434 exhibere.
575 2371 667 2436 llaec
684 2373 794 2436 omnia
810 2372 844 2437 in
858 2372 980 2436 virtute
1004 2372 1175 2438 iuramenti
1191 2372 1231 2437 ab
1246 2384 1386 2457 utraque
1408 2382 1503 2457 parte
1528 2371 1661 2458 prestiti
1687 2371 1720 2436 in
1743 2371 1893 2437 manibus
1907 2373 1946 2438 F.
1963 2371 2031 2438 Dei

319 2517 322 2525 ,
360 2454 474 2597 imm
489 2455 713 2523 Guestnensis
741 2456 987 2542 archiepiscopi
1011 2458 1212 2543 precipimus
1242 2467 1407 2543 perpetuo
1426 2458 1608 2524 observari
1653 2458 1776 2523 Actum
1791 2480 1877 2521 anno
1893 2456 2031 2524 Domini

332 2551 342 2560 “
361 2533 537 2603 rlillesimo
554 2537 779 2618 ducentesimo
795 2542 968 2630 trigesimo
986 2553 1116 2608 octavo.
1137 2542 1363 2623 InAndrevo,
1379 2543 1413 2607 in
1430 2544 1590 2608 caminata
1603 2543 1783 2627 hospitum3
1804 2541 2028 2628 presentibus:
2079 2575 2084 2586 =

229 2689 236 2700 Ι
360 2617 490 2688 Achate
507 2623 654 2708 ejusdcm
672 2623 739 2690 loci
755 2635 788 2689 et
806 2623 933 2692 liencrc
951 2637 985 2690 et
1000 2627 1165 2692 Wnrnero
1181 2638 1214 2693 et
1229 2628 1446 2693 Theodorias
1461 2625 1644 2702 monachis,
1661 2636 1694 2691 et
1708 2623 1793 2692 aliis.

462 2709 538 2795 Ego
556 2708 717 2776 b'ulislam
734 2713 916 2778 canonicus
931 2711 1169 2790 Cracoviensis
1184 2755 1277 2780 ......
1294 2714 1419 2779 domini
1433 2713 1616 2778 Bunlrarini
1629 2711 1824 2797 subscripsi
1876 2776 1886 2794 ‚

1104 3058 1263 3222 lxviii.
1316 3201 1321 3212 ,
1376 3180 1385 3197 ,

837 3276 1170 3410 Stamiqlct'is,
1198 3291 1351 3360 mum
1376 3275 1540 3363 1238.
1594 3275 1598 3288 '

409 3457 623 3532 Vicinus
639 3459 678 3532 le
692 3453 850 3535 Kissidai
865 3461 1069 3535 cracoviensis
1090 3461 1248 3563 epbmpm
1267 3461 1416 3534 ecclcsiae
1439 3461 1591 3553 virgum
1617 3453 1824 3552 iudicanti
1851 3455 2002 3530 iamn-
2052 3407 2060 3422 .

808 3577 815 3584 ·
934 3547 1100 3660 mutamur
1114 3546 1257 3620 niumm
1272 3545 1390 3620 conibri
1404 3548 1456 3630 (¹).

461 3723 513 3808 In
528 3722 696 3809 nomine
719 3695 1049 3831 dominj⁸Amen
1079 3722 1169 3806 Nos
1191 3720 1415 3812 Wisalaus.
1449 3719 1532 3802 dei.
1549 3695 1708 3830 gracia.
1732 3711 2028 3829 Oracouiensia

357 3842 610 3954 Episcopus.
631 3850 780 3925 notum
801 3840 979 3924 facimus
1001 3840 1208 3922 uniuersis
1228 3838 1499 3950 presentibus
1524 3848 1566 3920 et
1585 3838 1748 3920 bibaris.
1770 3836 1882 3918 hanc
1901 3836 2030 3949 pagi-

330 3977 334 3980 ’
356 3990 457 4045 nam
476 3961 741 4071 inspecturis,
761 3960 880 4070 quod
908 3960 952 4041 in
990 3958 1258 4050 dedicatione
1296 3957 1473 4040 ecclesis
1507 3958 1560 4040 de
1591 3954 1812 4060 samaeas,
1836 3963 1967 4069 quam
1986 3958 2030 4038 in

218 4191 229 4198 ι
288 4087 290 4092 ’
358 4081 517 4164 honore
538 4078 636 4193 (sic)
659 4078 786 4163 beate
808 4080 939 4160 marie
961 4079 1137 4188 uirginis
1174 4076 1399 4159 fundatam
1440 4076 1743 4190 dedicauimuS,
1780 4074 1835 4156 ad
1866 4075 2030 4157 instan-

358 4198 468 4282 ciam
488 4207 533 4281 ei
551 4197 753 4281 humilem
783 4196 1139 4306 supplicationem
1172 4196 1375 4302 nobilium
1398 4195 1594 4279 virorum.
1635 4192 1806 4300 Dominj
1828 4192 2029 4275 videlicet

462 4427 506 4508 (¹)
526 4421 579 4493 Ex
591 4427 773 4515 archetypo
790 4428 1040 4494 membranaceo
1065 4426 1099 4492 in
1116 4428 1252 4493 archivo
1264 4429 1459 4494 monasterii
1490 4425 1731 4509 Staniatcensis
1762 4429 1933 4489 asservato
1963 4422 2023 4489 de·

357 4511 494 4610 scripsit
510 4510 648 4580 doctiss.
671 4513 863 4594 Slawir‘rslri,
878 4513 1030 4596 idemque
1046 4511 1152 4577 tribus
1169 4511 1287 4598 sigillis
1303 4513 1457 4578 funiculis
1475 4513 1592 4579 sericis
1615 4507 1746 4576 rosacei
1760 4507 1884 4573 coloris
1900 4523 2025 4594 appan*

358 4597 405 4663 sis
420 4607 618 4664 instructum
629 4620 703 4664 esse
718 4598 865 4662 tradidit:
882 4619 1022 4681 quorum
1036 4596 1175 4661 alterum
1189 4598 1296 4662 minus
1312 4597 1503 4697 episcopale
1522 4599 1593 4663 sine
1609 4595 1720 4681 effigie
1739 4597 1800 4673 est,
1817 4589 1951 4658 alterius
1965 4601 2024 4658 ts*

357 4703 396 4748 ro
413 4681 580 4768 exemplar
595 4682 740 4750 effictum
753 4683 789 4746 in
806 4701 907 4767 opere
930 4681 1068 4746 doctiss.
1084 4680 1266 4746 Alexandri
1282 4679 1539 4760 Przeidzreaoii,
1564 4681 1654 4765 qnod
1683 4677 1877 4744 inscribitur
1911 4678 2027 4764 Wolyn

356 4766 368 4829 i
384 4764 499 4833 Pedaia
513 4767 569 4849 (T.
585 4770 605 4832 2
621 4764 766 4852 diploma
781 4766 972 4849 anui1235)
994 4766 1147 4851 conspici
1162 4769 1298 4850 potest·
1318 4763 1428 4849 Sigilli
1441 4766 1533 4831 tertii
1547 4765 1679 4851 abrupti
1694 4764 1836 4846 denique
1866 4755 2027 4844 reliquias

356 4858 483 4915 tantum
495 4851 660 4918 videntur.
963 4865 970 4876 “
1540 4901 1545 4910 ,

410 4966 535 5011 renum
570 4989 574 5000 ‚
750 5013 754 5024 ,
995 4979 1004 5002 r
1903 4929 1927 4994 a
