5409 6309
1372 798 1650 870 -tst-

689 1001 937 1088 luendorum
971 999 1196 1084 reseruatis
1216 1027 1293 1110 per
1311 998 1452 1111 ipsum
1473 996 1685 1086 doannem
1707 1006 1751 1081 et
1769 1007 1869 1087 suos
1889 1021 2158 1084 successores
2193 1000 2344 1089 tollenss

694 1122 770 1206 dos
792 1130 835 1204 et
852 1119 1157 1232 percipiendos,
1176 1146 1314 1235 usque
1337 1118 1394 1203 ad
1413 1119 1587 1204 totalem
1609 1118 1719 1201 dicta
1736 1144 1898 1201 summe
1915 1117 2039 1201 trium
2055 1118 2227 1205 millium
2243 1151 2342 1235 sep·

688 1242 974 1351 tingentorum
996 1239 1220 1350 sexaginta
1239 1239 1491 1323 florenorum
1508 1239 1764 1323 solucionem
1782 1235 2162 1322 demonstrauimus
2178 1243 2342 1352 ettassi·

689 1360 926 1469 gnauimus,
949 1359 1372 1466 demonstramusque
1408 1366 1451 1442 et
1482 1360 1748 1471 assignamus
1783 1354 2062 1466 presentibus,
2101 1357 2341 1469 dequibus

689 1477 826 1562 tribus
845 1477 1026 1563 millibus
1048 1478 1329 1588 septingentis
1351 1485 1393 1558 et
1414 1478 1639 1591 sexaginta
1658 1475 1825 1562 florenis
1846 1476 1906 1557 sic
1923 1483 1972 1558 ut
1986 1477 2252 1585 premisimus
2267 1507 2343 1593 per

689 1595 826 1707 ipsum
848 1597 1059 1683 doannem
1082 1595 1246 1682 Jordan
1268 1604 1311 1679 et
1331 1623 1602 1683 successores
1639 1620 1739 1680 suos
1771 1593 1822 1676 de
1845 1591 2042 1677 censibus
2065 1604 2108 1677 et
2126 1598 2344 1706 prodenti-

690 1718 771 1800 bus
791 1745 867 1829 pro
888 1718 1011 1802 nobis
1031 1717 1256 1800 reseruatis
1273 1742 1323 1797 ac
1338 1714 1645 1824 pertinentibus
1661 1713 1953 1825 percipiendis,
1974 1714 2113 1822 ipsum
2130 1713 2162 1798 J
2162 1742 2343 1804 oannem

694 1846 737 1919 et
755 1838 888 1949 ipsius
908 1835 1136 1949 legittimos
1158 1860 1426 1919 successores
1463 1838 1695 1947 quittamus
1715 1859 1791 1942 per
1810 1842 2041 1944 presentes.
2086 1833 2145 1917 Et
2172 1838 2345 1926 nichilo·

691 1955 830 2040 minus
853 1983 957 2040 casu
979 1957 1264 2064 contingente,
1284 1954 1320 2035 si
1338 1954 1478 2063 ipsum
1498 1952 1712 2039 doannem
1749 1962 1824 2035 aut
1857 1977 2124 2037 successores
2161 1981 2260 2041 suos
2292 1959 2345 2043 de

693 2083 844 2160 tenuta
863 2075 1056 2185 predicta
1075 2099 1152 2157 nos
1174 2082 1248 2156 aut
1266 2098 1535 2157 successores
1557 2074 1689 2157 nostri
1707 2070 1911 2155 redimere
1933 2071 2062 2156 vellet
2081 2081 2156 2155 aut
2174 2075 2342 2184 vellent,

692 2195 938 2307 priusquam
952 2196 1044 2304 ipse
1058 2192 1256 2278 doannes
1278 2201 1352 2275 aut
1372 2217 1638 2279 successores
1669 2193 1734 2274 sui
1754 2218 1960 2276 summam
1995 2193 2132 2300 ipsam
2166 2194 2346 2285 floreno·
2476 2289 2483 2302 ,

600 2315 604 2330 ‘
692 2342 785 2397 rum
806 2317 848 2397 in
869 2311 1068 2396 censibus
1088 2311 1211 2395 nobis
1232 2314 1457 2398 reseruatis
1480 2319 1736 2415 extenuaret,
1760 2319 1915 2396 extunc
1934 2311 2214 2419 promittimus
2245 2320 2345 2426 quia

693 2435 873 2517 eundem
895 2432 923 2517 J
928 2458 1108 2516 oannem
1129 2430 1159 2515 J
1161 2432 1294 2517 ordan
1315 2441 1359 2518 et
1371 2433 1508 2546 ipsius
1528 2432 1757 2544 legittimos
1794 2456 2060 2514 successores
2091 2459 2118 2515 a
2136 2441 2284 2519 tenuta
2304 2449 2348 2522 et

695 2554 969 2663 capitaneatu
987 2551 1179 2662 predicto
1203 2549 1474 2659 scepusiensi
1508 2577 1595 2636 non
1625 2550 1891 2653 redimemus,
1927 2577 2012 2635 non
2033 2553 2346 2641 amouebimus-

696 2694 795 2779 que,
816 2700 868 2757 ac
888 2694 1160 2755 successores
1181 2672 1313 2754 nostri
1333 2696 1528 2757 amouere
1548 2668 1839 2782 redimercque
1859 2693 1947 2753 non
1967 2666 2187 2755 debebunt
2202 2701 2346 2784 neque

692 2794 878 2898 poterint
899 2787 996 2903 (sic)
1016 2789 1191 2894 tamdiu,
1214 2788 1351 2873 donec
1373 2791 1486 2874 dicta
1505 2790 1586 2872 tria
1605 2788 1735 2874 millia
1755 2788 2047 2899 septingentos
2085 2798 2128 2870 et
2146 2795 2344 2906 sexagin-

693 2920 738 2993 ta
757 2911 939 2996 florenos
959 2908 1259 3019 hungaricales
1281 2906 1325 2988 in
1346 2938 1448 2996 auro
1472 2938 1522 2993 ex
1545 2907 1702 2992 eisdem
1722 2906 1998 3018 prouentibus
2019 2906 2141 2992 nobis
2160 2910 2205 2993 in
2226 2922 2343 2998 exte·

692 3030 903 3115 nuaeione
921 3031 1117 3139 predicta
1135 3028 1361 3110 reseruatis
1381 3029 1590 3139 percipiet
1609 3054 1660 3109 ex
1680 3028 1859 3140 integrm
1895 3027 1964 3111 vel
1984 3027 2020 3110 si
2041 3035 2139 3112 ante
2162 3032 2345 3146 comple-

692 3157 882 3233 mentum
901 3147 1213 3232 extenuacionis
1236 3174 1330 3229 eum
1350 3149 1556 3232 redimere
1575 3145 1793 3253 vellemus,
1825 3155 1927 3231 tunc
1948 3148 2062 3230 circa
2082 3147 2347 3262 redempcio-

692 3297 801 3373 nem,
832 3268 1039 3380 quicquid
1058 3293 1145 3351 non
1166 3269 1468 3370 extenuauerit,
1487 3267 1532 3351 id
1553 3268 1634 3376 ipsi
1664 3263 1694 3349 J
1696 3267 1822 3351 oanni
1850 3275 1893 3349 et
1920 3266 2238 3353 successoribus
2259 3274 2346 3358 suis

694 3415 780 3470 una
802 3416 897 3470 cum
919 3387 1093 3470 summis
1114 3385 1158 3466 in
1179 3386 1328 3469 castris
1360 3397 1403 3470 et
1423 3397 1534 3470 terra
1554 3385 1812 3498 scepusiensi
1831 3414 1908 3495 per
1927 3411 2005 3469 nos
2024 3386 2236 3498 inscriptis
2257 3418 2348 3502 nos,
2480 3373 2485 3378 ¹

691 3531 1047 3615 successoresque
1067 3506 1198 3590 nostri
1220 3503 1300 3588 sibi
1316 3503 1719 3615 successoribusque
1732 3504 1818 3588 suis
1830 3504 2072 3590 exoluemus
2084 3514 2127 3589 et
2140 3505 2345 3598 exoluent.

693 3626 752 3710 Et
770 3626 942 3711 taudem
962 3624 1176 3736 possessio
1199 3623 1408 3711 dictorum
1445 3627 1650 3736 bonorum
1672 3623 1864 3737 Seepusij
1887 3625 1942 3708 ad
1963 3650 2041 3709 nos
2064 3635 2107 3709 et
2126 3652 2347 3717 successo-

694 3773 761 3829 res
781 3753 949 3830 nostros
972 3743 1232 3847 deuoluetur,
1253 3742 1383 3829 saluis
1404 3744 1564 3831 iuribus
1585 3743 1754 3831 nostris.
1785 3742 1951 3830 Harum
1973 3742 2127 3853 quibus
2162 3745 2343 3858 sigillum

693 3875 883 3950 nostrum
906 3873 970 3946 est
990 3862 1307 3973 subappensum
1327 3866 1566 3953 testimonio
1582 3859 1824 3947 litterarum.
1856 3862 2016 3948 Datum
2031 3863 2076 3945 in
2092 3869 2348 3954 conuencic-

693 4010 746 4066 ne
766 3981 989 4068 lublincusi
1010 3980 1201 4094 generali
1221 3978 1327 4064 feria
1347 3992 1502 4097 quarta
1521 3983 1712 4095 proxima
1747 3991 1845 4068 ante
1884 3981 2135 4067 dominicam
2156 3986 2349 4071 reminis·

696 4129 794 4187 cere
815 4128 926 4186 anno
949 4099 1111 4187 domini
1126 4098 1344 4186 millesimo
1368 4102 1711 4218 quingentesimo
1741 4113 1873 4210 sexto,
1907 4102 2031 4215 regni
2065 4106 2197 4188 nostri
2234 4134 2350 4191 anno

696 4222 856 4331 quinto.
1602 4227 1605 4232 ’

795 4459 1034 4545 Alexander
1056 4459 1125 4546 dei
1145 4460 1292 4573 gracia
1307 4462 1402 4548 Rex

795 4607 926 4666 manu
945 4580 1114 4691 propria
1134 4582 1399 4694 subscripsit.

1320 4807 1426 4899 lelS
1447 4815 1546 4898 reli
1571 4809 1726 4900 stetu.
