5409 6309
1354 825 1435 862 ··-
1486 801 1563 878 ⁴3⁸
1612 837 1666 858 -·

684 1037 686 1039 ’
703 1042 780 1130 pro
795 1011 1031 1098 Lanlcom’vi
1040 1009 1095 1124 (⁹)
1108 1017 1234 1118 etpro
1250 1005 1449 1132 Wozsylc(
1460 1005 1507 1117 ¹⁰)
1517 1035 1613 1092 eum
1622 965 1887 1091 Ecclesiam}
1896 1004 2109 1093 Abbatem
2121 1007 2352 1118 Thyneen-
2432 1035 2437 1045 ·

654 1141 661 1152 ’
703 1165 791 1221 sem
813 1133 1017 1217 addendo.
1040 1142 1083 1214 et
1102 1134 1271 1240 insuper
1302 1131 1451 1241 viginti
1486 1126 1650 1210 Marcus
1671 1126 1850 1238 Argenti
1870 1126 2136 1213 Lousooaicze
2157 1129 2231 1241 (Η)
2252 1157 2350 1214 cum

704 1252 949 1341 Castoribus
971 1261 1131 1334 etcum
1152 1248 1390 1332 Molendino
1419 1276 1545 1355 super
1580 1248 1753 1334 fluuium
1776 1247 1955 1352 Rabam,
1987 1248 2104 1359 quod
2132 1276 2262 1332 vnum
2282 1248 2350 1336 lit·
2490 1279 2496 1290 ·

703 1385 771 1458 tus
791 1376 1003 1485 proprium
1023 1369 1184 1468 habuit,
1208 1379 1251 1453 et
1271 1368 1383 1450 aliud
1411 1399 1436 1451 a
1459 1367 1621 1451 Oornite
1658 1365 1858 1451 Heinrioo
1893 1367 2071 1451 redemit
2104 1368 2217 1452 idem
2252 1367 2349 1454 Cle·

702 1521 820 1576 mens
840 1519 915 1607 pro
939 1492 1086 1572 decem
1107 1488 1260 1581 Marcis
1282 1490 1449 1599 argenti
1470 1497 1513 1569 et
1532 1488 1723 1569 uestibus
1759 1490 1802 1570 in
1831 1488 2014 1595 plenum.
2045 1485 2242 1601 Zoprooze
2261 1488 2348 1570 No·

704 1611 794 1695 haze
818 1609 893 1721 (n)
918 1610 1107 1692 Druszow
1130 1605 1204 1719 (Ν)
1226 1607 1459 1693 Permutom'
1478 1605 1588 1690 Ss'eze
1609 1607 1857 1690 Lnszoaicze.
1889 1607 1998 1690 Item
2020 1607 2130 1690 idem
2153 1604 2349 1692 Clemens

703 1731 880 1815 contulit
898 1731 982 1813 filie
1004 1757 1077 1811 sue
1099 1715 1330 1838 Wisonyge
1368 1725 1683 1810 Sanctimoniali
1718 1729 1858 1811 villam
1891 1723 2051 1836 Nyomil
2079 1722 2153 1841 (¹⁴)
2186 1736 2234 1808 ut
2253 1734 2353 1836 post
2476 1735 2493 1769 '

700 1860 877 1935 mortem
896 1877 1014 1930 suam
1036 1845 1242 1930 conferret
1261 1846 1335 1930 ubi
1355 1846 1494 1928 uellet.
1527 1845 1634 1929 Item
1658 1847 1922 1930 confirmauit
1938 1872 2080 1929 coram
2095 1843 2217 1929 nobis
2242 1842 2353 1929 Wo-

703 1969 874 2079 bpantlra
914 1968 1156 2077 Propositus
1178 1966 1230 2048 de
1254 1963 1518 2077 Stenyctltelcp
1541 1966 1655 2073 quod
1666 1967 1765 2051 emit
1781 1996 1806 2049 a
1822 1965 1947 2049 Petro
1969 1963 2184 2050 Canonico
2202 1965 2352 2058 Eccle-

705 2090 766 2171 sie
787 2088 902 2171 beati
922 2086 1159 2172 Wenoeslai
1179 2095 1341 2194 partem
1362 2085 1605 2167 hereditatis
1626 2087 1669 2167 in
1685 2083 1959 2195 Lutlrconpcze
1974 2113 2051 2195 pro
2069 2084 2353 2196 Septuaginta

704 2205 858 2290 Marcis
870 2209 1046 2319 argenti.
1064 2215 1107 2288 et
1125 2204 1281 2290 ibidem
1302 2235 1328 2287 a
1349 2205 1662 2288 Domarzathko
1686 2232 1761 2315 pro
1784 2203 1979 2317 Triginta
1999 2206 2151 2289 Marcis
2173 2206 2353 2316 Argenti

705 2334 750 2408 et
768 2326 944 2436 pellibus
967 2325 1139 2436 wlpinis.
1158 2335 1205 2407 et
1224 2353 1250 2405 a
1270 2325 1364 2407 filiis
1387 2323 1542 2407 (losme
1563 2326 1663 2406 emit
1683 2335 1888 2432 quantum
1924 2325 2081 2410 ibidem
2113 2325 2156 2408 in
2178 2322 2353 2407 Latlco·

706 2445 792 2527 uice
813 2445 1055 2530 habuerunt
1074 2471 1148 2553 pro
1171 2445 1370 2555 Triginta
1390 2443 1542 2527 Marcis
1582 2442 1761 2555 Argenti
1796 2454 1840 2526 et
1870 2445 2036 2529 duobus
2060 2446 2192 2552 equis.
2244 2444 2352 2527 Item
2419 2459 2423 2468 '

704 2564 817 2647 idem
847 2563 1078 2648 Wisbontlro
1119 2563 1380 2658 confirmauit
1397 2567 1440 2645 in
1456 2566 1676 2671 presencia
1695 2563 1828 2647 nostri
1849 2565 1965 2676 quod
1987 2563 2180 2649 Clemens
2199 2563 2354 2650 Oomes

641 2778 644 2784 ¹
707 2686 1001 2768 commuttauit
1024 2684 1309 2794 Monotoroyeze
1332 2680 1405 2796 (Ν)
1436 2679 1652 2766 Wr'tlrosloo
1672 2693 1747 2793 pro
1769 2683 2020 2768 Latcouicze.
2042 2684 2120 2768 lali
2140 2683 2354 2768 condicio·

704 2830 771 2907 ne,
794 2799 918 2902 Quod
942 2803 1246 2913 Monotlooycze
1270 2801 1324 2886 ab
1347 2829 1396 2885 eo
1420 2800 1675 2886 alienaretur
1697 2803 1845 2886 domus
1868 2803 1922 2886 de
1944 2801 2209 2915 Stanyctlekp
2232 2803 2353 2886 etuel

704 2926 845 3032 pueris
867 2926 955 3006 eius
978 2923 1175 3033 Triginta
1194 2922 1360 3006 Marcas
1382 2922 1551 3030 argenti
1574 2921 1704 3006 daret.
1737 2920 1795 3005 Vt
1811 2932 1954 3006 autem
1969 2923 2049 3006 heo
2064 2933 2208 3008 nostra
2224 2923 2354 3007 deuo·
2382 3026 2387 3034 .

705 3051 751 3125 ta
773 3040 948 3126 donacio
972 3051 1014 3124 et
1036 3040 1303 3126 confirmacio
1325 3043 1580 3126 inconeussa
1599 3052 1770 3136 maneat
1791 3041 1938 3153 Sigillo
1960 3053 2101 3129 nostro
2123 3043 2234 3143 hanc
2250 3041 2354 3128 oar-

705 3161 838 3245 tulam
869 3163 1064 3245 iussimus
1089 3161 1285 3272 Sigillari.
1332 3161 1554 3273 Rogantes
1593 3163 1784 3248 dominos
1820 3173 1863 3244 et
1897 3177 2040 3273 patres
2078 3162 2353 3269 venerabiles,

703 3280 933 3384 Fulconem
955 3278 1245 3366 Gneznensem
1282 3280 1658 3392 Archiepiscopum
1694 3282 1982 3366 Prandotham
2024 3282 2352 3368 Orscouiensem

704 3400 963 3511 Episcopum
985 3411 1028 3482 et
1048 3399 1260 3483 Andream
1283 3401 1592 3485 Mazouiensem
1624 3401 1885 3512 Episcopum
1923 3412 1966 3485 et
1999 3403 2146 3486 Duces
2167 3402 2349 3488 Polonie.

704 3529 752 3602 ut
773 3547 869 3601 cum
890 3529 1077 3604 nostrum
1101 3519 1296 3632 Sigillum
1317 3520 1495 3604 viderint
1532 3550 1765 3633 appensum
1804 3522 1859 3604 ed
1893 3524 2061 3608 maioris
2083 3522 2263 3608 Roboris
2282 3521 2352 3606 fir·

702 3640 891 3722 mitatem
913 3667 992 3722 sua
1013 3641 1146 3721 eciam
1167 3667 1379 3749 apponere
1400 3667 1484 3722 non
1503 3649 1712 3724 recusent.
1746 3640 1791 3726 Si
1813 3653 1953 3727 autem
1971 3644 2180 3754 quispiam
2202 3642 2255 3725 de
2270 3668 2347 3756 no·

706 3758 801 3841 stris
821 3758 1012 3867 filijs·eut
1035 3757 1478 3844 successoribushano
1491 3758 1869 3846 Confirmscionem
1890 3780 1966 3846 seu
1984 3764 2259 3848 donacionem
2278 3789 2351 3848 co-

703 3874 873 3959 nabitur
896 3905 1108 3959 eneruere.
1131 3888 1228 3961 ante
1251 3879 1485 3961 districtum
1520 3878 1719 3964 Judicem
1747 3884 1790 3962 in
1812 3885 1965 3965 nostris
1988 3882 2149 3965 delictis
2172 3888 2217 3964 et
2237 3909 2353 3967 com·

808 4026 848 4106 (⁹l
872 4025 1035 4093 Fortassis
1051 4029 1224 4108 Ictlowica
1242 4028 1319 4092 villa
1334 4028 1477 4114 regionis
1492 4027 1772 4107 Proszovicensis‚
1789 4033 1998 4120 parochialis.

808 4114 863 4194 (¹⁰)
898 4115 1034 4178 Wozniln'
1048 4112 1127 4178 villa
1142 4115 1173 4179 in
1191 4113 1357 4181 territorio
1377 4113 1515 4180 ducatus
1528 4114 1814 4195 Oswiecimiensis,
1834 4119 1875 4185 ab
1891 4120 1969 4185 urbe
1986 4119 2083 4187 Zator
2097 4119 2262 4185 meridiem
2276 4139 2350 4184 ver·

707 4220 772 4277 sus,
786 4221 853 4263 nou
871 4198 986 4284 procul
1001 4222 1019 4262 a
1034 4196 1133 4265 fluvio
1151 4200 1270 4267 Slawa.
2278 4205 2281 4212 ’

809 4286 863 4365 (¹¹)
884 4283 971 4353 Villa
986 4286 1172 4351 monasterii
1189 4287 1356 4365 berkesire
1371 4285 1405 4350 in
1420 4285 1607 4354 Bochnensi
1622 4289 1758 4368 circulo,
1768 4312 1834 4354 non
1847 4289 1964 4377 procul
1978 4313 1997 4354 a
2012 4288 2117 4355 rivulo
2132 4289 2232 4357 Rada.

809 4373 865 4452 (Ῑῖ)
886 4372 958 4436 Hes
974 4370 1067 4437 villas
1083 4394 1146 4436 non
1162 4371 1351 4436 invenimus.
1980 4379 1983 4384 “

636 4513 640 4518 ,
756 4463 759 4467 ⁴
811 4458 865 4537 (¹³)
884 4457 1050 4524 Fortassis
1065 4457 1240 4530 Dmszkom
1255 4477 1359 4542 prope
1375 4459 1489 4525 urbem
1514 4458 1634 4524 Czrlow
1650 4453 1780 4536 dictam,
1795 4462 1828 4525 in
1844 4460 2035 4527 Bochnensi
2050 4460 2183 4527 circulo.
2208 4461 2353 4546 Sequens

706 4540 791 4617 villa,
807 4541 1021 4629 Przanerzocy
1037 4557 1095 4619 est,
1116 4544 1155 4609 de
1173 4561 1235 4627 qua
1249 4542 1320 4629 lege
1335 4543 1369 4608 in
1385 4540 1752 4631 superioribustabulis.

811 4628 864 4707 (¹⁴)
887 4628 937 4692 De
953 4628 1040 4710 quali
1056 4628 1131 4692 villa
1147 4626 1339 4692 mentionem
1356 4628 1418 4694 huc
1434 4630 1591 4714 legimus?
1606 4650 1671 4691 non
1689 4649 1863 4711 possumus
1877 4629 1997 4697 dicere.

810 4712 864 4791 (¹⁵)
885 4710 989 4777 Villae
1006 4715 1252 4780 Mouieczkcwicc
1267 4723 1300 4777 et
1317 4715 1531 4780 Moniekcwr'ce
1545 4714 1577 4777 in
1590 4712 1760 4797 provincis
1785 4717 1921 4800 antiqua
1946 4716 2157 4784 Crecoviensi
2173 4726 2224 4782 est
2240 4739 2350 4802 regio·

705 4817 745 4860 ne
759 4794 1010 4861 Proszovicensi
1026 4799 1245 4877 inveniuntur,
1255 4796 1288 4863 in
1304 4800 1470 4883 parochiis
1485 4797 1754 4883 Niegardoviensi
1769 4815 1802 4868 et
1817 4802 2061 4883 Predocinensi.
2080 4802 2145 4870 Sed
2161 4803 2349 4883 Slewiriski,

706 4880 788 4949 mele
802 4877 954 4946 hocloco
972 4904 1029 4967 pro
1045 4882 1123 4948 ville
1138 4882 1300 4948 Geretovice
1316 4885 1349 4946 in
1365 4885 1436 4951 aliis
1463 4884 1582 4950 tabulis
1610 4883 1750 4967 laudata,
1780 4887 1840 4957 hes
1867 4888 1949 4956 duas
1966 4889 2159 4975 scriptorem
2188 4891 2348 4977 posuisse,

704 4973 808 5053 putat.
851 4964 904 5032 De
920 4966 992 5031 aliis
1007 4966 1093 5035 villis
1108 4967 1259 5052 superius
1273 4968 1307 5032 in
1323 4970 1424 5038 variis
1439 4970 1521 5036 loeis
1536 4968 1686 5037 diximus.
