5409 6309
1366 797 1544 879 -aro
1595 833 1641 849 -

678 1007 848 1093 Laneus
868 1006 1024 1089 liberos
1044 1002 1089 1084 in
1111 997 1332 1085 Merolaicc
1353 1002 1460 1085 etin
1483 994 1680 1084 Cicnimoa
1700 999 1768 1113 (¹),
1791 1005 1834 1083 et
1852 1026 1929 1112 pro
1950 1000 2157 1112 pellendis
2189 1007 2334 1120 gregi·

677 1128 771 1230 bus,
794 1126 897 1209 alias
916 1119 1077 1235 'Vr'pouy
1101 1121 1169 1232 (³),
1189 1122 1232 1202 in
1250 1121 1439 1229 qualibet
1459 1121 1555 1204 villa
1574 1149 1650 1230 per
1670 1148 1800 1204 unum
1821 1121 1986 1205 laneum
2024 1122 2197 1232 assigno
2225 1124 2336 1212 libe·

679 1274 762 1353 ros3
785 1245 990 1352 dabitque
1011 1238 1228 1350 praefatus
1250 1238 1466 1324 Scultetus
1503 1241 1557 1322 de
1593 1239 1784 1351 quolibet
1806 1235 1936 1325 'laneo
1958 1268 2035 1325 suo
2056 1267 2132 1352 pro
2153 1241 2332 1334 Decima

677 1396 756 1480 per
777 1377 871 1468 octo
894 1388 1066 1475 grossos
1089 1363 1290 1443 currentis
1311 1374 1508 1444 monetae
1528 1359 1715 1445 Plcbano
1736 1361 1780 1443 in
1804 1359 1985 1444 Miotkoao
2014 1357 2191 1474 singulis
2213 1370 2333 1452 annis

678 1514 754 1600 pro
774 1482 882 1569 festo
906 1482 950 1568 S.
973 1479 1153 1564 Martini.
1186 1479 1408 1589 Eruntque
1424 1481 1508 1566 ‚tria
1521 1480 1683 1592 judicia
1705 1481 1926 1593 magnoin
1946 1479 2051 1564 visszs
2066 1480 2267 1591 praefatis
2286 1488 2330 1571 in

679 1635 801 1710 anno,
821 1611 948 1714 prout
968 1613 1066 1683 sunt
1086 1598 1178 1681 fieri
1198 1602 1320 1685 solita
1343 1614 1384 1682 et
1406 1610 1619 1702 consueta,
1640 1603 1745 1682 etin
1767 1600 1957 1713 quolibet
1980 1600 2235 1709 judiciorum
2256 1606 2335 1693 ho·

677 1757 771 1814 rum
792 1727 872 1807 tria
886 1720 1076 1832 prandia,
1097 1746 1172 1828 pro
1196 1719 1386 1828 quolibet
1399 1719 1561 1829 judicio
1598 1749 1726 1804 unum
1762 1719 1998 1828 prandium,
2034 1721 2201 1805 mihist
2227 1729 2331 1812 meis

678 1843 993 1932 successoribus
1017 1837 1233 1923 Scultetus
1254 1867 1329 1948 pro
1346 1854 1535 1948 tempore
1559 1842 1741 1922 existens
1757 1868 1886 1923 unum
1904 1837 2122 1944 fertonem,
2139 1852 2182 1924 et
2205 1843 2333 1930 Ome·

680 1967 831 2052 thonas
853 1962 1038 2048 villarum
1060 1959 1373 2069 praedictarum
1391 1958 1495 2041 duos
1506 1959 1787 2071 assignabunt
1808 1969 1851 2042 et
1871 1960 2034 2043 dabunt
2049 1989 2145 2045 cum
2162 1961 2330 2050 effectu

680 2083 863 2173 Confero
885 2083 1012 2163 etiam
1034 2075 1225 2164 Sculteto
1240 2080 1329 2189 jam
1353 2078 1465 2163 dicto
1503 2088 1546 2159 et
1573 2081 1751 2188 posteris
1786 2078 1918 2188 ipsius
1953 2108 2083 2162 unam
2123 2085 2330 2192 piscinam

678 2215 777 2293 ante
798 2203 957 2286 curiam
980 2198 1111 2307 ipsius
1132 2198 1320 2299 liberam,
1338 2199 1443 2280 duas
1465 2198 1676 2302 tabernas,
1694 2226 1790 2281 cum
1810 2198 1980 2307 pascuis
1999 2210 2040 2281 et
2055 2205 2199 2309 pratis,
2220 2231 2332 2315 quae

677 2352 790 2410 nunc
810 2333 910 2408 sunt
932 2319 1036 2406 etin
1058 2327 1275 2427 posterum
1312 2318 1402 2401 fieri
1434 2329 1626 2425 possunt,
1662 2318 1801 2429 sylvas
1837 2329 1881 2402 et
1916 2313 2085 2404 mansos
2123 2336 2336 2433 quotquot

680 2446 888 2554 extirpare
909 2443 1061 2551 poterit
1079 2446 1289 2548 perpetuo
1309 2437 1603 2547 possidendam
1633 2447 1677 2520 et
1697 2446 1746 2519 ut
1766 2464 1815 2522 eo
1835 2438 2047 2536 liberalius
2084 2451 2128 2523 et
2149 2469 2335 2530 commo·

680 2566 774 2649 dius
794 2562 1011 2674 praefatae
1033 2558 1156 2645 villae
1178 2586 1298 2640 meae
1336 2558 1636 2668 agriculturam
1673 2557 1888 2670 adaugere
1925 2558 2107 2664 valeant,
2144 2558 2334 2651 Sculteto

673 2684 764 2795 jam
785 2683 898 2767 dicto
921 2683 1068 2765 st‘suis
1090 2676 1408 2763 successoribus
1428 2675 1638 2786 legitimis,
1659 2704 1845 2761 necnon
1866 2677 2026 2762 villanis
2062 2691 2105 2763 et
2123 2681 2270 2768 incolis
2291 2685 2334 2768 in

682 2804 843 2887 eisdem
864 2799 1222 2886 commorantibus
1244 2827 1269 2880 a
1291 2798 1392 2879 data
1407 2799 1704 2906 praesentium,
1738 2798 1891 2908 viginti
1931 2826 2062 2883 annos
2099 2803 2259 2886 contuli
2286 2804 2335 2887 li·

679 2922 890 3007 bertatem
913 2922 967 3005 ab
989 2920 1101 3007 omni
1124 2919 1359 3020 exactione,
1381 2919 1702 3021 contributione,
1724 2917 1906 3017 servitio,
1916 2919 2195 3028 expeditione,
2219 2922 2334 3007 deci·

542 3067 544 3076 ‘
679 3045 875 3126 mationa.
909 3041 1113 3152 Expirata
1136 3051 1279 3124 autem
1300 3038 1493 3120 libertate
1517 3046 1729 3149 quotquot
1748 3036 1859 3119 lanei
1879 3034 2037 3120 ibidem
2058 3039 2161 3121 culti
2182 3037 2334 3127 fuerint

682 3173 725 3245 et
747 3163 1031 3264 dimensurati,
1054 3164 1108 3245 de
1131 3157 1321 3271 quolibet
1339 3159 1462 3241 laneo
1484 3172 1580 3244 octo
1602 3168 1743 3241 scotos
1764 3157 1926 3239 ratione
1949 3183 2114 3260 census,
2144 3168 2188 3243 et
2207 3190 2335 3246 unum

664 3359 666 3364 .
684 3281 888 3366 fertonem
909 3310 984 3390 pro
1003 3278 1166 3364 decima
1186 3279 1307 3362 annis
1329 3277 1506 3389 singulis
1536 3279 1637 3362 dare
1659 3288 1702 3361 et
1723 3277 1885 3359 solvere
1906 3278 1991 3359 sint
2012 3278 2204 3362 adstricti
2222 3310 2334 3365 nunc

683 3411 727 3485 et
746 3402 790 3484 in
810 3429 974 3507 aevum,
1007 3408 1173 3484 sextum
1196 3397 1412 3482 denarium
1434 3400 1620 3481 omnium
1642 3423 1843 3480 censuum
1866 3395 2053 3481 Sculteto
2089 3401 2334 3509 saepedicto

680 3529 723 3605 et
743 3522 829 3605 suis
850 3520 1166 3606 successoribus
1188 3518 1398 3630 legitimis,
1420 3544 1586 3601 necnon
1608 3516 1660 3602 de
1683 3515 1876 3600 omnibus
1897 3519 2171 3626 proventibus
2209 3531 2251 3604 et
2267 3549 2334 3604 re·

679 3640 849 3748 ditibus3
883 3642 935 3723 de
956 3641 1095 3723 causis
1117 3649 1257 3723 autem
1273 3637 1547 3748 judicialibus
1570 3638 1710 3746 parvis
1746 3636 1836 3720 sive
1857 3638 2037 3748 magnis,
2074 3639 2240 3721 tertium
2260 3640 2335 3724 de·

680 3761 842 3843 narium
863 3760 945 3870 ipsi
967 3758 1157 3843 Sculteto
1175 3761 1358 3868 assigno,
1379 3784 1454 3864 pro
1477 3785 1630 3866 meque
1652 3766 1694 3839 et
1713 3759 1818 3839 meis
1839 3757 2160 3843 successoribus
2190 3758 2333 3873 legiti·
2420 3757 2424 3765 ’

682 3881 762 3963 mis
785 3878 950 3962 duobus
970 3882 1208 3984 reservatis,
1239 3875 1452 3960 Mellificia
1472 3876 1577 3960 alias
1597 3875 1757 3985 Borczy
1779 3876 1822 3957 in
1842 3878 1971 3986 sylvis
1998 3878 2130 3987 ipsius
2161 3876 2338 3963 Sculteti

685 4005 729 4081 et
743 3999 848 4081 meis
871 4009 914 4080 et
933 3999 974 4079 in
999 4000 1197 4110 graniciis
1221 3997 1450 4079 earundem
1470 3996 1698 4105 sylvarum,
1720 3994 1774 4077 do
1797 4004 1840 4077 et
1861 3998 2048 4080 concedo
2065 4025 2262 4082 exercere
2283 3997 2335 4082 li·
2409 4084 2414 4094 ,

684 4116 799 4222 bere,
822 4144 1017 4230 quaeque
1041 4120 1206 4227 poterit,
1228 4127 1272 4199 et
1290 4114 1520 4199 elaborare.
1568 4115 1794 4200 Caeterum
1817 4115 1983 4227 quoties
2008 4145 2074 4199 me
2098 4127 2216 4200 extra
2247 4146 2336 4202 me·

682 4246 750 4320 tas
772 4235 827 4321 ad
850 4238 1161 4348 expeditionem
1184 4237 1279 4320 belli
1301 4234 1540 4345 generalem
1562 4228 1623 4318 ire
1644 4235 1881 4345 eontigerit,
1896 4247 1997 4318 tunc
2016 4233 2232 4321 Scultetus
2247 4238 2337 4348 J‘am

685 4357 823 4441 dictu‘s
846 4368 887 4441 et
908 4361 972 4441 sui
988 4383 1197 4466 sequaces
1233 4353 1333 4439 mihi
1370 4363 1412 4436 et
1432 4357 1535 4438 meis
1566 4353 1882 4438 successoribus
1919 4382 2088 4464 equum,
2125 4357 2338 4442 dimidiam

683 4478 858 4562 alteram
878 4504 1065 4561 marcam
1087 4475 1310 4578 valentem,
1332 4475 1570 4560 conducere
1591 4474 1846 4558 tenebuntur
1875 4482 1919 4557 et
1938 4476 2275 4583 accommodare,
2296 4485 2339 4559 et

681 4597 717 4680 si
737 4599 827 4710 ipse
850 4626 985 4711 equus
1007 4596 1051 4678 in
1070 4597 1140 4678 via
1161 4608 1348 4681 mortuus
1371 4593 1507 4700 fuerit,
1528 4595 1626 4679 hinc
1646 4593 1796 4678 nullius
1833 4594 2002 4678 alterius
2035 4595 2234 4680 damnum
2257 4595 2338 4679 nisi

744 4857 746 4868 ,
785 4798 825 4878 (²)
849 4793 1302 4884 Murtkow‚rillaparochialis
1313 4795 1346 4862 in
1360 4795 1798 4886 Sandecensiolimregione,
1815 4795 1944 4864 nuncin
1956 4792 2109 4864 Gallicis.
2126 4791 2165 4863 ln
2179 4796 2336 4885 parochia

681 4878 754 4961 hac,
770 4882 865 4947 villae
883 4882 1044 4949 llazolniru
1059 4896 1093 4946 et
1108 4886 1263 4950 &calewo
1277 4881 1495 4946 inveniuntur.

788 4968 826 5048 (³)
860 4967 997 5055 Wypony
1012 4966 1289 5054 polonice-latine
1300 4985 1447 5055 pascuus
