5409 6309
958 764 1312 902 'ku-

352 1022 417 1107 sal
436 1023 728 1110 'communiter
748 1051 807 1108 nu
828 1035 1011 1135 cupatur
1045 1027 1143 1141 (sic)
1167 1038 1211 1112 et
1231 1056 1418 1114 marcam
1449 1031 1540 1114 auri
1560 1032 1603 1115 in
1625 1031 1823 1124 theloneo
1858 1037 2019 1128 Gracc·

281 1243 288 1256 1
351 1141 499 1244 vienni,
519 1169 573 1224 ac
595 1142 703 1225 duae
724 1167 890 1238 marcas
911 1146 1003 1228 auri
1022 1148 1067 1228 in
1084 1148 1258 1256 plumbo
1279 1150 1324 1230 in
1344 1143 1480 1230 Ittnsz
1514 1152 1692 1262 singulis
1729 1158 1852 1238 annis
1882 1163 2020 1268 perci·
2132 1236 2140 1242 .
2271 1187 2275 1196 ’

306 1363 309 1366 ¹
350 1257 506 1364 piendi,
531 1267 574 1340 et
591 1259 742 1340 decem
776 1287 943 1343 marcas
979 1267 1145 1374 argenti
1163 1266 1207 1347 in
1229 1265 1402 1380 Thorace
1422 1263 1521 1358 villa
1539 1266 1761 1378 Episcopi,
1798 1299 1910 1381 quae
1932 1279 2019 1358 sin-
2182 1259 2188 1268 ¹

305 1434 309 1440 ,
348 1375 459 1484 gulis
480 1377 602 1457 annis
623 1375 860 1487 insignum
897 1380 1068 1464 dominii
1103 1384 1291 1493 recipere
1328 1382 1625 1468 consuevimus
1660 1414 1737 1493 pro
1770 1390 2019 1475 utilitatibus

347 1491 537 1573 eiusdem
568 1493 813 1600 Monasterji
833 1494 1119 1579 informandis.
1181 1499 1349 1583 Incolas
1382 1525 1484 1582 vero
1507 1509 1552 1586 et
1571 1502 1877 1596 inhabitatores
1899 1508 2019 1590 villa·

346 1627 454 1689 rum
467 1610 840 1719 supradictarum,
862 1640 915 1693 ea
932 1612 1127 1697 libertate
1164 1644 1302 1727 eaque
1323 1617 1589 1701 immunitate
1611 1621 1802 1729 gaudere
1823 1623 2018 1708 volumus

348 1729 397 1806 ut
415 1737 667 1835 perterram
704 1727 1032 1814 Oracoviensem
1052 1743 1096 1814 et
1117 1730 1505 1817 Sandomiriensem
1539 1736 1850 1847 negotiacionis
1886 1765 2020 1824 causa

347 1851 638 1949 transeuntes,
658 1848 702 1928 in
722 1845 835 1928 nullo
854 1846 949 1930 loco
970 1848 1215 1933 theloneum
1251 1850 1521 1958 persoluent,
1554 1879 1662 1963 quos
1685 1855 1813 1950 etiam
1834 1855 2019 1940 absolui·

345 1989 441 2047 mus
462 1963 517 2045 ab
540 1966 655 2047 omni
673 1962 941 2072 prestacione
968 1966 1176 2072 praediali
1197 1993 1274 2049 seu
1294 1967 1506 2075 personali
1543 1972 1841 2083 cuiuscunque
1862 2000 2020 2058 census

345 2080 415 2180 vel
434 2079 600 2186 tributi,
621 2082 679 2164 ad
697 2080 885 2186 Ducem,
920 2080 1182 2186 Palatinum,
1220 2082 1531 2192 Castellannm,
1553 2086 1756 2172 Judicem
1775 2089 1845 2173 vel
1864 2118 2018 2201 quem·

186 2226 188 2229 ·
346 2225 516 2309 cunque
552 2197 680 2281 alium
712 2198 969 2308 Supremnm
989 2203 1058 2285 vel
1075 2203 1381 2300 beneficiatum
1416 2205 1667 2311 pertinente.
1719 2207 1874 2318 Neque
1907 2212 2019 2298 enim
2104 2286 2107 2292 .
2201 2255 2204 2262 ’

340 2315 543 2428 przaood,
564 2328 749 2416 atrorum,
767 2314 944 2427 portame
960 2314 1039 2432 (¹³),
1059 2317 1171 2430 (sic),
1191 2321 1318 2401 conch
1340 2318 1430 2437 (¹¹),
1452 2324 1655 2433 Torpowe,
1670 2323 2020 2436 poradlnecaput

345 2433 466 2545 quod
486 2433 893 2545 vulgariterdicitur
909 2432 1053 2546 placo,
1077 2446 1121 2519 et
1141 2436 1195 2520 ab
1219 2440 1333 2524 omni
1355 2466 1489 2522 causa
1509 2442 1745 2551 sanguinis,
1762 2451 1807 2524 et
1827 2440 1881 2525 ab
1904 2446 2019 2527 omni

317 2547 457 2634 'fruto
492 2561 535 2633 et
558 2547 759 2660 pernotane
794 2579 941 2663 neque.
975 2556 1390 2666 aliquasannonas,
1426 2584 1578 2662 vacas,
1607 2580 1784 2667 porcos,
1806 2586 1930 2664 oues,
1951 2561 2020 2644 vel

343 2669 703 2778 quaevis'pecora
723 2669 807 2751 alia
826 2697 903 2778 pro
925 2673 1122 2783 expensis
1159 2671 1399 2759 Ducnlibus
1435 2675 1697 2784 persoluent',
1733 2703 1814 2760 nec
1846 2679 2017 2763 nuntios

341 2788 411 2869 vel
444 2777 626 2906 legatos
647 2784 821 2869 Ducum
856 2815 937 2871 seu
971 2793 1136 2902 aliquos
1173 2788 1408 2885 Venatoree
1439 2794 1634 2901 recipere,
1652 2804 1861 2903 cogentur
1881 2795 2013 2879 inviti.

343 2900 609 2989 Generaliter
629 2914 774 2988 autem
796 2906 969 2989 eosdem
988 2907 1150 2991 incolas
1172 2908 1456 3011 absoluimus,
1489 2908 1547 2993 ab
1569 2908 1767 2993 omnibus
1804 2911 2018 2994 seruituti·

339 3021 435 3124 bus,
458 3020 650 3131 angariis
674 3031 717 3103 et
735 3023 1001 3131 preangarijs
1025 3026 1184 3134 quibus
1207 3052 1380 3136 cunque
1400 3024 1645 3111 nominibus
1666 3026 1940 3127 denotentur,
1974 3037 2017 3109 et
2071 3107 2076 3118 ,

340 3166 456 3250 quae
476 3166 592 3219 nunc
613 3147 716 3222 sunt
733 3138 866 3221 velin
886 3136 1076 3222 futurum
1110 3150 1314 3250 poterunt
1349 3141 1598 3252 excogitari.
1661 3140 1762 3226 Siue
1797 3144 1882 3224 sint
1903 3142 2015 3225 ordi·

325 3256 457 3337 narie
493 3255 687 3338 casuales
709 3253 781 3336 vel
798 3256 1020 3363 repentine
1042 3256 1098 3341 ab
1120 3257 1419 3343 aedificatione
1456 3258 1705 3345 Castrorum
1739 3258 1809 3344 vel
1840 3283 2014 3368 repara-

337 3374 454 3457 tione
477 3371 520 3453 e't
540 3370 595 3455 ab
618 3369 731 3455 omni
767 3371 1036 3481 expeditione
1056 3375 1128 3458 vel
1149 3376 1339 3459 exercitu
1374 3377 1491 3488 ipsos
1527 3373 1700 3488 penitus
1728 3373 2013 3460 absolventes.

324 3486 424 3589 Qui
458 3490 591 3596 ,etiam
611 3488 784 3572 Incolae
805 3491 1007 3608 conuenti
1028 3519 1173 3576 coram
1194 3493 1318 3579 nobis
1340 3495 1652 3606 superquibus
1675 3520 1850 3605 cunque
1869 3495 2014 3578 causis
2172 3563 2176 3570 ,

336 3607 407 3691 vel
426 3606 624 3718 negotiis,
638 3606 709 3688 vel
728 3632 872 3691 coram
894 3610 1037 3720 aliquo
1059 3609 1267 3696 Palatino.
1318 3610 1566 3697 Oastellano
1590 3613 1806 3723 et'quovis
1828 3609 1910 3697 alio
1930 3607 2014 3695 Ju-

338 3726 431 3815 dice
451 3724 522 3807 vel
537 3722 706 3809 officiali
739 3749 985 3836 comparere
1005 3727 1074 3812 vel
1092 3727 1352 3842 respondere
1390 3756 1477 3814 non
1512 3737 1739 3813 tencantur
1755 3753 1771 3832 ,¹
1798 3728 1877 3812 sed
1912 3753 2015 3815 suo·

264 3913 266 3916 .
335 3872 429 3929 rum
448 3840 743 3927 tantummodo
764 3853 979 3928 rectorum
997 3841 1147 3932 iuditio
1169 3846 1254 3928 sint
1274 3846 1471 3932 subiecti.
1511 3845 1572 3933 Ut
1591 3855 1740 3931 autem·
1755 3843 1861 3930 nulli
1881 3847 2014 3951 alteri,
2130 3839 2137 3861 ⁴

336 3960 414 4044 sed
435 3955 569 4046 solum
591 3961 705 4044 dicto
718 3956 983 4062 Monasten‘o
1015 3961 1059 4046 et
1079 3953 1296 4050 sororibus
1318 3967 1618 4077 suprascriptis
1638 3962 1859 4073 praefatae
1875 3964 2013 4069 villae,

336 4093 445 4188 quas
468 4080 596 4162 etiam
617 4080 708 4162 iure
729 4078 977 4165 theutonico
1012 4081 1153 4167 locar'e
1192 4082 1488 4189 concedimus,
1510 4110 1609 4167 cum
1631 4081 1829 4168 omnibus
1851 4083 2011 4166 utilita-
2082 4139 2085 4144 -

334 4193 448 4278 tibus
470 4198 556 4278 suis
580 4196 833 4300 deseruimt,
856 4207 900 4281 et
920 4197 1136 4310 adipsum
1166 4200 1474 4286 Monasterium
1508 4197 1636 4310 pleno
1657 4193 1747 4284 iure
1766 4200 2010 4311 pertineant
2161 4203 2165 4212 '

333 4311 612 4397 Decernimus
633 4324 682 4398 ut
701 4314 907 4400 Rectores
938 4316 1128 4402 villarum
1166 4320 1398 4403 earundem
1418 4348 1495 4432 per
1514 4346 1702 4410 sororem
1721 4329 1909 4402 nostram
1932 4318 2009 4422 do·

301 4477 308 4484 .
333 4432 491 4514 minam
515 4430 775 4538 Salomeam,
811 4431 1027 4545 Reginam
1063 4437 1282 4547 quondam
1304 4435 1516 4541 Galiciae,
1536 4465 1650 4520 nunc
1672 4444 1815 4518 autem
1837 4433 1918 4517 snb
1939 4461 2007 4519 re·

332 4546 436 4660 gula
465 4547 630 4633 Beatae
664 4550 820 4635 Olarae
852 4551 1023 4636 domino
1044 4549 1297 4657 famulante,
1316 4564 1362 4637 et
1380 4554 1661 4642 Abbatissam
1681 4579 1871 4638 sororum
1892 4555 2007 4636 eius·

198 4751 202 4758 ,
332 4666 432 4751 dem
461 4665 649 4779 regulae,
669 4668 713 4752 in
733 4668 826 4777 ipso
847 4667 1106 4753 Monasterio
1127 4669 1346 4756 Zawr'ctost
1367 4676 1677 4759 constituantur
1698 4680 1909 4757 eteorum
1933 4670 2008 4753 de·
2109 4783 2112 4791 Δ

258 4987 263 4996 .
433 4934 491 5020 (¹⁸)
504 4932 710 5002 Poduotue.
752 4934 811 5019 (¹⁴)
831 4933 951 5016 Narab.

1801 5033 1864 5099 10*
