5409 6309
981 796 1340 900 'aretz
1405 894 1481 911 ,,

315 1034 321 1041 “
343 1004 408 1114 ἀ
425 1031 470 1112 in
488 1026 702 1140 Przeqzbiu
722 1056 821 1109 cum
842 1028 955 1111 omni
976 1025 1082 1110 dure
1103 1034 1147 1107 et
1167 1026 1365 1109 Dominio
1388 1050 1440 1106 ac
1461 1022 1658 1110 omnibus
1690 1037 1733 1108 et
1755 990 1931 1138 singulis
1952 1030 2036 1115 uria·

365 1148 569 1248 tirannus
594 1144 805 1228 fructibus
828 1153 872 1227 et
891 1146 1157 1254 pertinentiis
1179 1142 1390 1227 universis
1408 1142 1452 1225 iu
1467 1142 1610 1239 ,Terra
1630 1154 1674 1226 et
1694 1143 1824 1255 Aqua
1845 1147 1901 1227 ad
1921 1148 2036 1255 ipsas
2104 1159 2109 1169 ’

367 1265 628 1349 Advocatias
651 1291 728 1346 seu
749 1262 982 1353 Scultetias
1003 1260 1326 1371 quomodolibet
1342 1261 1658 1370 spectantibus,
1685 1271 1813 1370 prout
1833 1288 1910 1346 nos
1931 1274 2038 1347 tem-

365 1382 542 1494 poribus
570 1384 726 1466 nostris
757 1382 929 1464 eaedem
960 1382 1175 1465 tenuimus
1193 1388 1383 1490 e‘t'prout
1414 1376 1583 1462 Vislsus
1608 1389 1650 1461 et
1671 1379 1852 1465 Friczko
1871 1409 2038 1465 eorum·
2117 1490 2120 1493 Ι
2258 1502 2262 1510 '

366 1528 452 1612 que
488 1501 838 1609 praedecessores
871 1510 970 1582 ente
1000 1526 1078 1583 nos
1101 1499 1156 1582 ab
1177 1500 1294 1582 initio
1315 1509 1545 1581 tenuerunt
1564 1524 1662 1580 cum
1684 1499 1834 1602 silvis,
1857 1500 2038 1607 muricis,

367 1617 549 1721 mbetis,
586 1619 818 1725 quercetis,
853 1619 1046 1728 pascuis,
1081 1616 1240 1727 pratis,
1271 1619 1407 1729 agris,
1444 1619 1604 1727 campis
1626 1608 1679 1697 ad
1701 1616 1794 1724 alys
1830 1621 2038 1705 universis
2077 1727 2082 1736 .

365 1736 644 1847 proventibus
667 1738 743 1844 qui
762 1763 874 1818 nunc
896 1747 1007 1841 sunt,
1024 1747 1100 1818 aut
1121 1733 1446 1846 quomodolibet
1466 1752 1559 1819 csse
1580 1736 1769 1842 poterint
1786 1737 1831 1816 in
1850 1734 2038 1824 futurum

344 1855 476 1937 inter
495 1854 650 1935 limites
671 1852 1007 1938 Advocatiarum
1026 1876 1112 1936 seu·
1124 1853 1413 1937 scultetiarum
1434 1854 1768 1963 praedictorum,
1791 1854 1847 1935 ad
1867 1853 2040 1957 laudem¹

369 1969 682 2081 omnipotentis
705 1973 790 2056 Dei
813 1982 856 2053 et
871 1973 935 2057 ob
955 1970 1232 2058 reverentiam
1256 1973 1468 2085 gloriosae
1490 1957 1677 2057 Sanctae
1693 1971 1853 2071 Mariae
1874 2000 2041 2084 semper
2133 1956 2137 1963 ’
2181 2058 2185 2065 ,

366 2088 576 2201 Virginis,
597 2091 747 2175 Matris
768 2091 860 2173 eius
879 2090 1163 2184 Benedictus,
1186 2119 1236 2172 ac
1258 2088 1489 2173 Beatorum
1509 2090 1625 2174 Petri
1647 2099 1689 2171 et
1709 2090 1833 2174 Pauli
1853 2090 2040 2200 Apono·

365 2207 577 2323 loruml'rd
598 2210 812 2313 honorem,
828 2210 871 2290 in
889 2236 1070 2317 quonum
1088 2210 1258 2293 laudem
1280 2208 1572 2319 saepedictum
1594 2206 1898 2295 Monastcrium
1917 2208 2040 2318 -Tyn-

367 2330 510 2429 eiense
531 2336 599 2409 est
620 2328 858 2431 fundatum,
874 2354 1041 2412 necnon
1060 2328 1144 2439 ipsi
1162 2328 1423 2413 Monusterio
1445 2326 1678 2436 Tyncie'nsi
1699 2326 1862 2412 Abbati
1879 2337 1922 2410 et
1935 2328 2040 2413 Fra*
2148 2378 2154 2388 ·

367 2446 502 2530 tribus
523 2449 653 2539 totius
677 2447 927 2531 Conventus
948 2448 1082 2557 ipsius
1103 2447 1362 2555 Monastery,
1394 2448 1469 2558 qui
1490 2474 1565 2559 pro
1586 2459 1777 2558 tempore
1807 2446 1965 2532 firerint
1984 2452 2040 2532 ad
2095 2492 2101 2501 ·
2125 2502 2136 2551 ,ι

366 2564 612 2647 utilitatem*
631 2565 847 2677 perpetuis
882 2566 1149 2674 temporibus*
1169 2566 1356 2670 damus,
1373 2566 1601 2669 tradimus,
1624 2564 1877 2650 conferimus
1898 2570 1943 2649 et
1963 2568 2040 2652 do-

366 2684 538 2783 namus,
559 2711 724 2797 necnon
747 2684 1048 2789 adscribimus,
1071 2686 1354 2787 annectimus,
1386 2674 1719 2794 appropriamus'
1732 2680 1776 2768 et
1795 2685 2040 2792 incorpora-

348 2804 473 2904 mus,
494 2800 805 2885 Renuntiantes
828 2803 941 2885 omni
962 2801 1057 2885 Juri
1079 2812 1124 2884 st
1140 2803 1358 2905 Dominio,
1396 2803 1514 2913 quod
1548 2801 1673 2886 nobis
1694 2803 1846 2913 quovis
1867 2804 2040 2914 ingenio

368 2927 609 3030 competere
630 2930 780 3029 posset
798 2921 868 3003 vel
888 2920 1043 3004 nostris
1067 2919 1411 3006 Successorlbus⁴
1436 2928 1698 3028 competeret
1717 2923 1761 3002 in
1782 2925 2039 3030 praemissis.

368 3036 579 3147 Sic·quod
616 3039 798 3120 eximere
819 3065 960 3150 nsque
981 3062 1058 3121 nos
1079 3036 1160 3121 nec'
1184 3039 1313 3149 aliqui
1349 3037 1484 3120 nostri
1520 3036 1802 3122 Successores
1823 3037 1878 3119 ad
1901 3044 2041 3125 omnia
2144 3126 2150 3135 ,

366 3155 602 3265 praemissa
621 3155 755 3236 ullum
774 3181 1003 3266 possumus
1022 3157 1155 3239 ullum
1175 3182 1404 3265 possumus
1423 3155 1522 3265 (sio)
1543 3184 1624 3238 nec
1646 3153 1875 3258 debemus,
1896 3166 1940 3237 et
1960 3159 2041 3265 ipsi

283 3282 284 3285 ‘
366 3272 499 3357 nostri
520 3270 804 3369 Successores
823 3275 1006 3383 aliquem
1022 3301 1108 3358 non
1129 3273 1289 3356 debent
1308 3290 1390 3355 nec
1412 3272 1633 3358 debebunt
1652 3300 1732 3357 suo
1751 3283 1942 3385 tempere
1962 3276 2041 3359 ha-
2120 3316 2122 3326 ¹

367 3392 469 3475 bere
490 3399 754 3499 respectum,
772 3392 859 3477 Sed
881 3393 1023 3476 omnia
1044 3403 1088 3475 et
1108 3392 1278 3505 singula
1297 3391 1534 3500 praemissa
1554 3389 1704 3476 Abbas
1728 3400 1772 3473 et
1791 3388 1908 3476 totus
1926 3391 2041 3477 Oon·

368 3520 519 3617 ventus
540 3506 738 3591 Fratrum
761 3508 890 3623 sa'epe
928 3510 1032 3591 dicti
1072 3511 1317 3621 Monasterij
1360 3509 1634 3621 Tynciensis,
1657 3510 1732 3618 qui
1752 3538 1829 3619 pro
1850 3519 2040 3622 tempore

366 3626 543 3732 fuerint,
578 3634 722 3708 tenere
756 3629 916 3714 debent
936 3637 1146 3737 perpetue
1170 3638 1214 3712 et
1232 3630 1454 3737 possidere
1474 3626 1655 3737 pacifice
1676 3632 1719 3710 'et
1741 3628 1905 3739 quiete,
1938 3658 2041 3715 con·

368 3748 619 3857 trodictioue
642 3754 687 3827 et
707 3742 1008 3855 impedimento
1029 3746 1260 3834 cuiuslibet
1279 3735 1450 3857 penitus
1468 3773 1555 3831 non
1570 3743 1780 3859 obstante,
1812 3746 1874 3831 Ut
1896 3759 2042 3835 autern
2092 3800 2095 3804 <
2225 3723 2232 3799 Ῐ

368 3867 500 3951 nostri
523 3873 564 3946 et
585 3865 965 3972 praedecessorum
984 3876 1224 3949 nostrorum
1243 3892 1321 3973 per
1342 3866 1574 3967 orationes,
1605 3862 1830 3948 Missurum
1851 3853 2050 3950 celebra·x
2089 3948 2095 3959 ,

314 4048 316 4051 ψ
368 3987 527 4069 tionem
548 3980 694 4065 melior
717 3993 760 4064 et
780 3984 914 4068 maior
935 3985 1139 4069 memoria
1159 3980 1382 4088 habeatur,
1422 3984 1474 4068 In
1494 4010 1815 4093 recompensam
1836 3986 2041 4093 proemis-
2179 4030 2183 4037 ·

372 4128 514 4186 sorum
534 4103 752 4209 perpetuis
774 4099 1037 4210 temporibus
1058 4101 1283 4185 statuimus
1310 4111 1354 4184 et
1373 4104 1540 4185 omnino
1571 4101 1786 4205 volumus,
1806 4112 1855 4184 ut
1875 4131 2041 4187 exnunc
2181 4192 2186 4202 ,

370 4216 520 4347 Abbas
544 4227 587 4301 et
608 4218 856 4325 Conventus
877 4220 1126 4329 Monastery
1148 4220 1402 4330 Tynciensis
1424 4219 1658 4329 saepedicti
1669 4282 1690 4341 ².
1700 4230 1892 4333 statuant
1910 4249 2041 4305 unum

371 4463 528 4521 moratae.
550 4454 661 4518 Liszki
675 4462 708 4517 st
722 4450 822 4519 hodie
839 4451 936 4517 etiam
954 4448 1098 4515 ecclesia
1114 4451 1315 4534 paroehialis
1330 4453 1366 4518 in
1379 4452 1551 4518 territorio
1580 4453 1734 4537 antiquae
1754 4452 1877 4518 liberas
1897 4452 2042 4519 civitatis

371 4534 617 4615 Cr'acoviensis,
633 4559 720 4600 nunc
736 4536 770 4600 in
786 4558 907 4622 magno
924 4534 1043 4600 ducatu
1060 4535 1258 4612 (decanatus
1275 4536 1580 4605 Ozernichowieusi
1598 4541 1621 4617 ).
1858 4608 1861 4621 Ι

475 4622 514 4701 (⁴)
536 4621 660 4709 Rybuc,
678 4619 756 4684 villa
773 4620 875 4685 etiam
900 4617 1101 4704 parochialis
1117 4641 1146 4681 a.
1165 4622 1246 4686 leto
1275 4643 1362 4685 nunc
1383 4621 1546 4687 iuvenitur
1561 4621 1595 4683 iu
1609 4620 1748 4709 regione
1777 4619 1994 4688 Cracovierisi
2007 4622 2041 4687 in

369 4708 512 4782 Gallicis
526 4706 560 4770 in
575 4707 733 4769 decanatu
754 4727 834 4770 vero
852 4701 1186 4781 Czernicchowiensi,
1202 4727 1268 4769 non
1283 4705 1402 4789 procul
1422 4704 1533 4768 avills
1559 4706 1672 4772 Liszti.
1712 4698 1938 4793 Przeyiniaad
1953 4704 2039 4771 hanc

269 4830 274 4845 ·
337 4794 545 4873 ecclesiam
561 4787 780 4874 parochialem
796 4787 1115 4875 spectabatalblb.
1154 4786 1222 4856 Sed
1249 4789 1420 4855 alteraest
1434 4786 1514 4852 villa
1530 4786 1706 4876 Przeyinic,
1724 4791 1765 4857 de
1781 4810 1847 4874 qua
1861 4812 1962 4875 supra
1974 4791 2041 4874 jam
2105 4796 2128 4851 f

369 4879 521 4981 diximus,
535 4874 569 4938 in
584 4874 700 4961 Regno
718 4873 878 4940 moderno
897 4872 1066 4943 Poloniae.
1093 4872 1367 4959 parochiaessuac
1380 4882 1481 4959 caput
1496 4872 1530 4938 in
1546 4894 1682 4961 regione
1698 4886 1733 4941 et
1746 4875 1917 4941 territorio
1934 4874 2038 4941 Ilcus-

370 4985 481 5034 srensr.
1356 4994 1360 5005 =
