5409 6309
1360 843 1417 906 ¹--
1470 807 1524 886 rs
1572 845 1619 863 -

658 1020 777 1132 quod
796 1046 874 1105 nos
894 1016 1104 1103 Bolezaus
1126 1007 1224 1125 (sic)
1247 1009 1315 1093 dei
1325 1012 1484 1121 gracia
1515 1010 1724 1097 Oracouie
1757 1017 1805 1097 et
1830 1009 2096 1103 Sandomirie
2117 1018 2217 1108 Dux
2236 1030 2331 1113 vni-

659 1139 794 1223 uersis
837 1135 995 1221 Christi
1034 1129 1231 1213 fidelibus
1252 1129 1296 1210 in
1318 1155 1454 1217 omne.
1485 1130 1675 1213 scendum
1714 1159 1890 1242 presens
1932 1140 2102 1246 pariter-
2127 1139 2174 1224 'et
2212 1144 2330 1230 futu-

545 1247 550 1256 ‘
657 1285 750 1339 rum
779 1250 1050 1362 presentibus
1080 1248 1260 1330 facimus
1290 1246 1561 1330 manifestum
1593 1249 1710 1359 quod
1745 1250 1990 1338 Dobezlaus
2010 1256 2121 1341 filius
2143 1258 2329 1349 Sudonis

658 1382 702 1457 et
720 1367 980 1452 Benedictus
1007 1367 1131 1449 lilius
1167 1364 1387 1448 Bresciani
1406 1368 1451 1446 in
1470 1366 1695 1475 presencia
1728 1379 1876 1452 nostra
1911 1364 2129 1460 constituti
2161 1377 2327 1470 Sortem
2389 1461 2392 1468 a

655 1517 783 1573 vnam
803 1490 847 1570 in
866 1489 968 1572 uilla
998 1483 1195 1574 Laconico
1225 1486 1501 1592 nomineque
1520 1509 1636 1564 nune
1669 1480 1892 1582 Climontcw
1913 1485 1969 1600 (¹)
2001 1495 2238 1603 appellatur
2257 1529 2327 1585 re·

653 1607 751 1692 licta
772 1605 842 1715 pie
864 1603 1174 1690 recordacionis
1212 1599 1388 1700 Comitis
1427 1598 1656 1683 Clementis
1691 1630 1768 1713 pro
1804 1604 1944 1690 Domo
1966 1609 2020 1691 de
2044 1613 2229 1699 Stanetek
2246 1648 2327 1728 pro
2375 1659 2377 1662 v
2537 1717 2546 1724 ἱ
2599 1637 2607 1650 ·

577 1797 580 1805 ,
653 1725 808 1836 viginti
826 1725 980 1806 marcis
1002 1720 1085 1803 fusi
1103 1715 1388 1801 vendiderunt
1422 1718 1592 1828 argenti
1611 1719 1700 1802 iure
1722 1721 1975 1810 hereditario
2005 1733 2323 1836 possidendam.

654 1842 780 1928 Unde
801 1869 856 1923 ne
877 1868 966 1952 qua
984 1840 1246 1948 inposterum
1278 1863 1407 1946 super
1441 1836 1683 1921 huiusmodi
1702 1841 1955 1926 vendicione
1974 1850 2111 1956 possit
2131 1852 2227 1934 oriri
2249 1879 2324 1939 ca-
2468 1944 2472 1951 ,

512 2035 514 2038 ,
604 2003 606 2008 ·
652 1959 843 2071 lumpnia
861 1967 1081 2067 presentes
1103 1954 1235 2039 nostri
1256 1954 1383 2064 sigilli
1402 1953 1632 2037 munimine
1652 1954 1831 2039 fecimus
1851 1960 2039 2045 roborari
2055 1959 2324 2074 presentibus

652 2082 735 2192 hijs
770 2079 951 2165 testibus
986 2074 1176 2159 Fulccne
1213 2070 1477 2155 Cancellario
1507 2081 1666 2157 nostro.
1717 2075 1925 2162 Nieholao
1947 2078 2138 2167 Palatino
2161 2085 2324 2174 Cracc-

492 2249 494 2252 -
655 2199 790 2285 niensi
824 2195 994 2281 Jacabo
1014 2191 1145 2276 fratre
1166 2192 1256 2274 eius
1277 2181 1436 2272 Judice
1474 2188 1762 2276 Oraeouiensi.
1826 2194 2046 2288 Clemente
2068 2199 2154 2286 filio
2175 2207 2321 2293 Marci.

608 2383 610 2388 -
653 2317 828 2402 Marcho
863 2313 994 2418 fratre
1029 2313 1118 2395 eius
1154 2308 1439 2419 subpincerna
1471 2305 1757 2422 Oracouiensi.
1807 2310 2015 2398 Michaele
2051 2317 2324 2433 subdapifero

654 2434 932 2520 Oracouiensi
968 2439 1013 2515 et
1031 2429 1123 2539 alijs
1144 2424 1494 2540 quampluribus.
1556 2426 1717 2514 Datum
1754 2429 1963 2518 Oraccuie
2003 2434 2129 2522 Anno
2167 2443 2323 2528 domini

352 2637 362 2644 ,
479 2661 489 2684 ⁴
654 2551 731 2637 or.
755 2549 1003 2637 ocanni.

760 2733 804 2817 (²)
814 2723 909 2886 eQui's
923 2729 1026 2818 igitur
1041 2727 1192 2795 dubitare
1206 2737 1331 2814 potest,
1347 2727 1458 2793 villam
1472 2727 1639 2812 antiquam
1663 2725 1808 2799 Musici
1832 2742 1952 2819 postea
1972 2734 2151 2806 Climoatcw
2170 2705 2321 2807 nomina·

654 2827 816 2888 tamesae·
1232 2831 1236 2838 '

1376 3023 1603 3288 xnxin.
1736 3096 1740 3102 ·
1870 3007 1891 3042 ’

475 3349 479 3359 ’
538 3311 542 3324 ,
658 3323 1162 3480 Oroeeuwejseria
1179 3343 1493 3549 tertirlcoeppgl
1509 3295 2320 3454 comodamente-Immitis

576 3685 582 3696 ,
651 3653 925 3727 nonnam
945 3650 1015 3723 nx
1035 3647 1200 3722 errans
1213 3649 1247 3720 a
1260 3645 1467 3721 monna
1492 3647 1640 3722 nunu
1671 3648 1773 3722 ma
1793 3607 1977 3741 mano
1990 3650 2081 3728 am
2102 3655 2320 3750 natata„-

1090 3748 1267 3824 tlelonu
1284 3749 1316 3821 ln
1336 3748 1412 3825 villa
1428 3750 1561 3840 ipsum
1577 3751 1683 3818 Glelm
1698 3751 1816 3824 uttan
1828 3753 1882 3835 (¹).
2240 3738 2255 3771 '
2328 3820 2335 3826 ,

639 3999 643 4004 ,
756 3928 809 4011 In
827 3922 997 4010 nomine
1020 3922 1177 4008 domini
1196 3905 1348 4009 Amen.
1399 3922 1470 4006 Ad
1490 3931 1742 4034 perpetuam
1763 3921 1861 4040 (sic)
1883 3920 2090 4039 Quitquid
2111 3926 2210 4040 (sic)
2232 3925 2318 4013 Re·

653 4046 728 4161 gia
745 4044 923 4156 Majstas
943 4043 1030 4125 suis
1051 4041 1247 4127 fidelibus
1268 4044 1380 4127 iusto
1400 4041 1471 4126 vel
1492 4044 1634 4127 denuo
1675 4044 1892 4148 concedit,
1923 4045 1992 4129 vel
2013 4045 2209 4155 jamdum
2238 4071 2316 4155 per

602 4233 608 4245 ,
653 4164 782 4262 diuos
802 4162 1128 4277 predecessores
1149 4189 1248 4248 suos
1271 4188 1523 4244 concessum
1543 4162 1731 4267 innovat,
1753 4161 1999 4247 corroborat
2018 4173 2062 4245 et
2082 4165 2317 4279 confirmat,

651 4281 777 4370 Idne
798 4313 822 4367 e
844 4282 1045 4366 memoria
1064 4278 1252 4365 humana
1274 4290 1522 4384 evanescat,
1544 4277 1762 4364 tenoribus
1781 4280 1995 4364 literarum
2025 4283 2229 4366 mandare
2251 4280 2318 4368 Si·

651 4401 847 4516 gillisque
868 4401 1092 4483 autenticis
1114 4408 1158 4483 et
1176 4397 1357 4484 testibus
1378 4398 1462 4483 fide
1486 4398 1624 4513 dignis
1645 4397 1911 4507 perhennare
1932 4401 2173 4484 consuevit.
2213 4400 2319 4486 Pross
2351 4415 2362 4436 '
2420 4391 2428 4402 ’

649 4519 750 4603 inde
793 4521 884 4606 Nos
919 4515 1162 4603 Alexander
1197 4526 1276 4602 ete.
1331 4516 1632 4630 Significamus
1662 4524 1745 4600 etc.
1798 4513 2021 4615 Quomodo
2058 4511 2327 4601 constitutus·

651 4638 927 4748 personaliter
962 4662 1106 4720 coram
1140 4634 1265 4721 nobis
1300 4633 1565 4722 Venerabilis
1599 4633 1806 4748 Magister
1840 4632 2050 4720 Martinus
2083 4636 2138 4746 de
2156 4636 2316 4719 Rodum
2389 4706 2394 4718 ,
2485 4629 2490 4637 ’

754 4860 800 4941 (¹)
819 4858 872 4926 Ex
889 4858 1085 5013 apographo
1097 4859 1192 4962 guod
1205 4860 1239 4926 in
1256 4857 1435 4925 Tabularic
1449 4859 1586 4960 publico
1600 4861 1709 4961 Regni
1725 4862 1886 4961 Pcloniae
1914 4855 2079 4960 (Metryki
2090 4859 2176 4942 lion,
2192 4860 2258 4927 vol
2272 4861 2312 4926 n

652 4943 710 5013 al
727 4946 785 5028 81)
799 4953 999 5031 narratur,
1037 4957 1153 5015 cetrae.
1168 4945 1249 5014 Ant
1262 4943 1497 5013 Muczlrowsln
1511 4945 1700 5030 descnpsrt
1715 4944 1814 5013 Conf.
1826 4944 2018 5014 mechom
2030 4965 2108 5033 pag·
2127 4944 2197 5013 lan.
2301 5013 2305 5020 ,
