5409 6309
1225 810 1426 908 .4-
1474 744 1655 872 Μ’..
1753 807 1758 815 ,

665 1008 935 1094 Thevtunico
965 997 1289 1109 respondebunt
1308 995 1537 1099 3Scultetus
1570 1022 1713 1082 coram
1744 992 1870 1107 n'obis
1887 996 2082 1083 vero-vel
2098 986 2250 1084 ¹nostro
2271 999 2351 1085 Ju-

665 1128 759 1213 dice
795 1118 985 1238 generali
1021 1118 1123 1200 dum
1159 1126 1307 1200 tamen
1339 1143 1420 1225 per
1454 1124 1644 1227 nostram
1677 1117 1862 1200 litteram
1900 1122 2045 1225 nostro
2065 1104 2188 1229 regio
2213 1117 2351 1229 sigillo
2486 1104 2489 1111 ¹

666 1245 896 1359 sigillatam
916 1240 1077 1339 citatus
1099 1233 1235 1343 bresit,
1252 1242 1358 1317 tunc
1376 1234 1428 1316 de
1444 1261 1490 1315 se
1509 1233 1831 1341 querulantibus
1853 1225 1931 1316 suo
1952 1231 2059 1317 Jure
2076 1232 2348 1333 Thevtunico
2467 1341 2490 1362 Ἰ

663 1362 878 1451 tenebitur
896 1353 1176 1465 respondere,
1199 1354 1351 1435 dantes
1374 1353 1554 1437 sculteto
1576 1362 1621 1435 et
1640 1352 1827 1439 scabinis
1848 1351 1945 1435 ville
1964 1352 2159 1460 predicte
2179 1352 2222 1434 in
2243 1380 2348 1459 cau·

663 1488 720 1569 sis
743 1474 1029 1565 criminalibus
1051 1470 1250 1554 videlicet
1268 1468 1369 1552 furti
1390 1472 1612 1580 sauguinis
1633 1469 1848 1554 homicidii
1881 1470 2074 1576 superius
2112 1474 2348 1577 expressati

662 1593 960 1687 sentenciandi
982 1588 1323 1697 condempnandi
1341 1588 1544 1696 puniendi
1574 1588 1746 1698 plenam
1766 1595 1810 1669 et
1831 1588 2118 1672 omnimodam
2154 1595 2348 1695 potesta·

590 1755 594 1762 ·
663 1731 764 1804 tem.
781 1720 833 1800 vt
855 1718 998 1797 autem
1033 1705 1138 1823 villa
1173 1705 1367 1814 predicta
1388 1733 1438 1791 eo
1460 1706 1636 1789 celerius
1673 1707 1816 1790 valeat
1850 1704 2064 1789 collocari·
2083 1704 2280 1789 omnibus
2303 1716 2365 1809 et¹

548 1850 552 1863 '
666 1833 846 1948 singulis
876 1821 1177 1912 kmetbonibus
1211 1822 1402 1907 Scultcto
1424 1833 1468 1906 et
1487 1824 1635 1908 incolis
1676 1823 1867 1909 locandis
1887 1824 1932 1904 in
1952 1822 2050 1906 villa
2069 1823 2264 1932 predicta
2286 1823 2344 1909 ab
2471 1888 2477 1891 -

667 1951 864 2042 omnibus
900 1944 1057 2029 nostris
1094 1941 1396 2025 exaccionibus
1438 1943 1625 2053 angariis
1647 1949 1691 2024 et
1709 1941 1975 2052 perangariis
2017 1941 2184 2026 collatis
2205 1951 2250 2022 et
2268 1943 2346 2024 tri-

663 2073 779 2159 butis
802 2065 857 2151 ab
879 2061 1028 2146 anonis
1052 2084 1137 2166 que
1155 2085 1227 2168 sep
1250 2059 1448 2142 dicuntur
1469 2086 1548 2175 neq
1569 2082 1655 2144 non
1676 2059 1732 2142 ab
1755 2060 1844 2142 aliis
1865 2059 2019 2141 nostris
2051 2055 2344 2147 solucionibus

553 2282 556 2293 ¹
667 2188 997 2302 quibuscunque
1034 2177 1276 2273 nominibus
1309 2185 1565 2259 censeantur
1586 2188 1630 2259 et
1650 2178 1831 2260 anostris
1854 2173 1953 2288 (sic)
1972 2174 2201 2287 2regalibus
2223 2175 2345 2261 labo·

663 2306 782 2395 ribus
805 2302 956 2386 adata
975 2295 1243 2406 presencium
1265 2294 1324 2375 ad
1342 2297 1537 2405 spacium
1556 2295 1708 2407 viginti
1729 2320 1934 2378 annorum
1956 2295 2107 2378 damus
2129 2296 2173 2376 et
2189 2320 2345 2379 conce·

665 2427 803 2510 dimus
840 2418 1010 2530 plenam
1032 2422 1076 2494 et
1096 2410 1383 2495 omnimodam
1416 2412 1669 2496 libertatem.
1721 2414 1774 2497 In
1809 2415 1930 2495 cuius
1961 2413 2022 2494 rei
2053 2412 2345 2495 testimonium

664 2539 854 2653 sigillum
889 2536 1081 2618 nostrum
1112 2528 1384 2637 presentibus
1417 2525 1612 2612 duximus
1634 2529 1976 2640 appendendum.
2028 2527 2187 2612 Actum
2207 2530 2252 2613 in
2272 2555 2346 2611 ca·
2484 2561 2488 2571 ·

664 2670 774 2761 stro,
795 2645 1113 2737 lundislcroneosi
1129 2649 1170 2728 in
1194 2647 1263 2728 die
1298 2649 1439 2729 saneti
1478 2645 1677 2730 francisci
1719 2646 1977 2733 confessoris
2017 2645 2144 2731 Anno
2187 2647 2343 2731 domini
2448 2646 2451 2651 ’

662 2772 865 2863 MOOOL
896 2791 1009 2852 nono
1039 2763 1314 2848 Presentibus
1344 2765 1427 2875 hijs
1453 2765 1641 2847 testibus
1673 2764 1843 2850 domino
1863 2764 2092 2874 predwoyo
2114 2766 2347 2873 capitaneo·

589 2978 592 2985 .
664 2888 902 2980 cuiauiensi
938 2883 1258 2991 Swetopelcone
1295 2881 1544 2967 Castellano
1567 2881 1801 2971 Siradiensi
1823 2881 2085 2967 Swentoslao
2108 2881 2164 2994 (⁴)
2188 2879 2342 2966 Suete-

663 3009 852 3100 saurario
890 3002 1059 3088 domino
1090 2997 1341 3109 przedborio
1363 3000 1520 3083 herede
1542 3000 1596 3081 de
1616 3000 1744 3084 brzeze
1765 2998 1834 3113 (ὅ).
1885 2988 2058 3082 Andrea
2081 3000 2193 3095 dicto
2215 2995 2341 3080 latoio

579 3226 582 3231 ,
661 3131 792 3218 Pelca
812 3125 868 3208 de
889 3116 1081 3204 oosoelecz
1101 3117 1156 3231 (θ)
1190 3125 1234 3201 et
1263 3117 1355 3200 aliis
1388 3145 1519 3235 quam
1550 3118 1737 3226 plurimis
1768 3118 2014 3230 fidedignis.
2052 3115 2227 3245 Datum
2262 3143 2341 3227 per
2555 3192 2559 3197 ,

662 3273 816 3335 manus
839 3238 998 3326 domini
1018 3235 1210 3345 danussij
1234 3234 1485 3346 (lancellarij
1510 3233 1808 3321 Oracouiensis
1832 3234 1900 3350 (¹).

686 3636 691 3643 ,
767 3564 811 3647 (⁴)
831 3512 1034 3640 Sabbatum,
1065 3549 1363 3623 subthesaurarius.
1379 3552 1480 3639 vulgo
1497 3494 1817 3641 Podskcrbi‚legitbr
1831 3552 1865 3618 in
1883 3551 2169 3649 opercbistorico
2181 3552 2251 3637 jam
2265 3552 2337 3618 lau·
2470 3518 2477 3523 '

544 3640 549 3651 ⁸
664 3653 757 3719 dato:
780 3635 929 3731 „Zrddla
943 3641 987 3705 do
1003 3635 1145 3721 dziejdw
1159 3635 1313 3721 pclskicb
1328 3637 1375 3703 Μ.
1392 3634 1597 3719 Gr.”l.138‚
1613 3637 1687 3703 snb.
1708 3660 1737 3701 a.
1753 3637 1845 3702 1359.

767 3735 812 3818 (ὓ)
835 3726 1006 3795 Pmdborz
1021 3719 1062 3785 de
1079 3720 1214 3803 Bassia,
1238 3720 1279 3786 dc
1297 3722 1474 3801 Brzosczia
1483 3724 1552 3808 jam
1573 3721 1767 3808 subdapifer
1782 3720 2008 3787 cracoviensis
2023 3718 2146 3806 legitur
2160 3741 2189 3784 a.
2206 3720 2287 3786 lost
2301 3721 2336 3786 in

661 3815 851 3910 privilegio,
867 3806 959 3894 quod
973 3804 1124 3873 continet
1149 3803 1363 3877 donationem
1387 3806 1528 3874 fontium
1543 3805 1622 3871 salis
1637 3805 1673 3871 in
1686 3804 1890 3880 villisdiotis
1907 3804 2036 3872 Nowicc
2050 3813 2084 3871 et
2106 3805 2218 3891 Wtrop
2241 3805 2334 3886 (Uu-

659 3933 696 3974 ‚0
723 3905 737 3982 )
762 3922 783 3965 n
797 3893 961 3966 casimiro
976 3910 1096 3977 magno
1112 3889 1233 3955 factam
1247 3888 1378 3956 cuidam
1392 3891 1497 3955 nobili
1511 3890 1546 3955 in
1560 3891 1680 3956 Russia
1705 3889 1806 3956 rubra
1838 3889 1938 3969 (coni
1961 3888 2160 3973 Hieronymi
2174 3886 2344 3971 babecali-

661 3982 684 4073 ζ,
722 3984 930 4052 ‹inuictum-w
940 3972 1093 4055 Polscc,’'
1109 3972 1212 4040 idest
1227 3996 1351 4059 corpus
1374 3972 1459 4058 juris
1485 3974 1639 4040 metallici
1667 3974 1818 4061 polonici
1845 3973 2041 4057 antiquioris
2066 3972 2106 4037 T.
2116 3971 2160 4053 11,
2175 3994 2251 4059 pag.
2261 3972 2334 4036 101.
2363 4024 2374 4045 ,

660 4067 840 4146 ramnus,
851 4063 892 4129 da
908 4062 1037 4127 Brutia
1052 4081 1111 4123 rex
1127 4059 1308 4127 casimirus
1323 4058 1440 4123 urbem
1471 4061 1702 4127 Lcmkoroacm
1717 4059 1858 4125 donavit
1870 4067 2070 4125 testamento
2085 4056 2177 4139 (vide
2192 4065 2333 4122 annota-

659 4157 787 4225 tionem
800 4148 939 4237 primam
954 4144 996 4209 ad
1005 4142 1090 4209 hanc
1102 4140 1366 4225 tabulam),banc
1382 4142 1426 4207 ob
1442 4165 1576 4209 causam
1589 4144 1710 4212 fratres
1723 4143 1764 4210 de
1773 4141 2231 4218 Bncm‚1ranok0r0nensea'
2242 4162 2334 4207 more

642 4310 647 4313 ,
662 4236 822 4330 polonico
838 4231 874 4298 id
888 4237 940 4297 est
953 4226 1055 4311 vulgo
1070 4228 1308 4315 Markeronsoy
1323 4226 1582 4313 appellabantur.

766 4323 809 4404 (θ)
833 4311 987 4383 Pallade
1004 4313 1161 4379 Kotcielec
1175 4310 1297 4395 legitur
1312 4334 1365 4397 ap.
1376 4312 1581 4395 babeccium
1611 4311 1634 4378 l.
1653 4334 1683 4378 c.
1699 4311 1771 4379 sub.
1798 4334 1827 4378 a
1845 4313 1939 4394 1367,
1954 4311 2004 4377 uti
2032 4309 2226 4394 „Marssllro
2242 4309 2332 4376 curie

662 4404 837 4499 regaliae.'’
861 4398 1021 4466 Kotciclec
1034 4394 1113 4460 villa
1126 4393 1328 4481 parochialis
1343 4396 1608 4465 Miccboviensis
1622 4397 1784 4464 territorii
1799 4407 1834 4464 et
1849 4395 2138 4465 Sakalbmiricnsis
2152 4393 2313 4485 regionis.

756 4490 811 4576 (¹)
832 4486 981 4557 ‚Ioannes
997 4479 1038 4566 de
1055 4477 1192 4562 Studes,
1208 4479 1317 4550 dictus
1336 4481 1521 4571 Saelyws'lk.
1575 4512 1580 4525 ¹
1668 4534 1681 4560 .
2394 4504 2399 4511 ·
