5409 6309
1053 810 1328 891 ..403-

363 1016 572 1130 Gregorio
594 1028 637 1101 et
654 1017 782 1104 Petro
804 1016 857 1101 de
880 1014 1075 1100 Brunieze
1109 1014 1335 1100 heredibus
1367 1013 1542 1102 Nieolao
1579 1012 1632 1098 de
1665 1015 1802 1100 Xanss
1836 1014 2010 1102 Notario

361 1138 531 1251 publiea
552 1147 596 1223 01
615 1136 707 1248 alijs
730 1134 1048 1247 quampluribus
1070 1119 1295 1246 fidedignis
1312 1132 1575 1218 Testibus
1538 1160 1651 1216 orrea
1671 1135 1890 1243 premissa.
2131 1169 2134 1176 ¹

482 1256 554 1348 Et
574 1284 656 1369 ego
677 1253 882 1341 Martinus
904 1253 994 1338 Mat
993 1254 1062 1336 11ιο
1073 1253 1124 1337 de
1136 1251 1321 1337 Scaeuino
1336 1252 1511 1338 alericus
1525 1251 1819 1338 Oraeouiensis
1831 1251 2011 1338 diocesis

420 1365 617 1487 publicus
638 1374 847 1486 imperiali
867 1374 1118 1458 auctoritate
1147 1371 1325 1455 Necnon
1346 1370 1631 1459 Reuerendi
1618 1400 1663 1454 m
1692 1370 1861 1457 Christo
1881 1373 2025 1481 patris·

420 1506 464 1579 01
484 1494 641 1593 domini
657 1493 812 1580 domini
834 1491 1011 1605 Sbignei
1032 1475 1249 1604 deigraeia
1268 1489 1470 1602 Episcopi
1491 1488 1784 1576 Oraeouiensis
1806 1519 1858 1573 ao
1873 1490 2015 1576 Reue-

421 1609 566 1698 rendi
554 1644 598 1695 111
614 1613 782 1699 Christo
799 1614 930 1724 patris
952 1619 994 1694 et
1015 1611 1172 1694 domini
1188 1610 1343 1695 domini
1359 1609 1568 1696 «Iohannis
1586 1609 1736 1693 eadem
1751 1611 1898 1720 grauia
1911 1610 2014 1719 Epi·

422 1731 542 1842 scopi
556 1731 937 1836 Wladislawiensis,
953 1757 1120 1814 necnon
1134 1729 1434 1838 venerabilium
1453 1738 1497 1813 et
1509 1727 1817 1815 honorabilium
1834 1729 2015 1814 virorum

421 1852 683 1938 dominorum
693 1849 915 1936 Wladislai
931 1851 983 1934 de
1001 1847 1084 1960 Op-

416 1995 554 2084 porour
597 1971 861 2054 decretorum
903 1968 1086 2052 doctoris

423 2089 754 2199 vicecancellarij
764 2088 903 2201 Regni
912 2085 1087 2173 Polonie

422 2210 617 2320 Magistri
636 2209 806 2293 Andree
825 2208 877 2289 de
897 2202 1087 2313 Coleorzy·

424 2353 481 2410 no·
498 2326 628 2413 Saere
645 2326 859 2438 theologie
875 2321 1087 2435 professo·
1111 2356 1118 2398 1

419 2446 475 2528 ris
491 2445 791 2530 Archidiaeoni
801 2442 1088 2553 NicolaiPye-
1118 2497 1128 2527 0

341 2623 344 2628 -
420 2565 706 2675 nyanszkonis
755 2566 957 2674 prepositi
1009 2558 1088 2644 Ja·
1148 2626 1161 2658 J

420 2682 519 2769 sobi
562 2684 615 2767 de
650 2682 839 2769 Zuborow
877 2681 1087 2767 Johannis
1173 2667 1182 2695 ⁸

422 2799 627 2916 deElpod
654 2798 709 2916 (³)
741 2801 923 2887 doctoris
953 2799 1088 2882 inde·

418 2922 546 3005 eretis
596 2929 640 3004 et
684 2922 797 3005 Petri
843 2915 1088 3002 0100001010-

419 3038 490 3149 alep
523 3038 832 3124 Canonieorum
865 3046 1087 3143 tamquam

422 3156 727 3242 eoarbitrorum
761 3165 803 3238 et
824 3179 1087 3239 assessorum

421 3276 721 3386 prelibatorum
741 3276 941 3360 Notarius
963 3271 1087 3355 faoti-

424 3423 510 3508 que
545 3394 786 3478 huiusmodi
819 3421 961 3478 eoram
982 3390 1087 3502 ipsis

421 3513 575 3598 scriba.
604 3509 715 3612 Quia
737 3512 861 3595 dietis
879 3510 1086 3626 Compro-

420 3634 547 3717 misso
563 3659 672 3742 pene
687 3631 731 3714 in
749 3630 897 3715 eodem
910 3638 1086 3714 eonten-

356 3807 360 3818 ·
424 3752 478 3835 tis
514 3750 782 3836 submissioni
818 3748 928 3835 arbit
911 3746 1089 3833 traeioni

421 3873 794 3982 pronuneeiaoioni
842 3867 1089 3952 diffinicioni

262 4035 265 4043 =
422 3990 706 4074 deelaraeioni
736 3988 962 4076 Senteneie
991 4016 1088 4102 per-

420 4106 577 4194 laeioni
600 4116 642 4190 et
658 4109 847 4192 eiusdem
866 4107 1088 4219 emologa·

422 4227 534 4311 aioni
568 4226 784 4335 laudaque
823 4233 866 4308 et
903 4226 1088 4332 decreto,
1186 4096 1626 4296 r-L—-Q
1646 4193 1723 4305 8
1544 3972 1999 4312 j]—

422 4372 473 4429 au
498 4348 588 4458 alijs
610 4344 878 4430 omnibust
836 4354 878 4427 01
907 4344 1084 4544 singulis
1311 4206 1377 4476 1.
1447 4134 1574 4453 1·

419 4468 633 4575 premissis
657 4465 804 4548 dum
771 4491 832 4547 are
847 4474 896 4547 ut
909 4465 1082 4574 premit

417 4586 518 4668 titur
538 4593 765 4696 agerentur
786 4592 828 4664 01
848 4581 998 4665 fierent
1017 4611 1101 4666 vna
1122 4591 1218 4667 cum
1239 4582 1541 4693 prenominatis
1557 4576 1737 4665 testibus
1752 4601 1930 4688 presens
1950 4574 2015 4658 in-

417 4702 543 4787 terlui
562 4727 699 4812 eaque
735 4702 796 4783 sie
822 4699 913 4785 fieri
933 4702 1021 4784 vidi
1049 4715 1092 4784 01
1123 4701 1267 4787 audiui
1301 4701 1405 4787 Ideo
1433 4730 1503 4786 me
1518 4704 1726 4810 occupato
1758 4694 1849 4807 alijs
1871 4694 2015 4781 arduis

418 4852 494 4934 per
516 4823 640 4906 alium
661 4820 794 4905 fidelit
776 4829 839 4904 ter
875 4821 1001 4905 scribi
1022 4837 1065 4902 01
1084 4822 1315 4936 ingrossari
1350 4821 1587 4932 procuraui,
1610 4819 1715 4903 01111
1734 4817 1847 4900 hano
1878 4812 2016 4925 publi·
2018 4881 2023 4890 .

468 4991 506 5073 (⁸)
530 4988 654 5079 119010..
1753 5037 1816 5135 51*
