5409 6309
318 985 323 990 ⁵
355 1004 511 1090 lirefint
530 1004 574 1085 in
587 992 797 1112 judicium
819 998 997 1101 mucan,
1033 1023 1310 1108 nequaquam
1343 1005 1568 1084 terreantur
1586 1002 1632 1102 in
1652 1000 1824 1090 dudleia
1845 1028 2022 1113 compa.

355 1150 446 1212 rere
468 1123 525 1204 ad
543 1117 919 1234 praescriptionem
958 1126 1001 1198 et
1028 1114 1123 1225 sere
1159 1113 1410 1228 alleyandam
1446 1116 1557 1231 (sie),
1596 1119 1654 1203 ad
1683 1119 1766 1206 hoo
1788 1123 1825 1203 si
1846 1120 1902 1205 ob
1923 1123 2024 1228 hoe,

355 1271 470 1358 quae
511 1237 822 1349 suprascriptas
860 1235 1135 1339 erectiones
1163 1234 1380 1317 vantedicti
1419 1235 1685 1323 habitatores
1715 1237 1916 1322 uillam
1936 1267 2022 1326 non

354 1359 559 1448 soluerint
575 1356 646 1440 vel
665 1352 774 1437 drus
814 1353 928 1440 eirea
963 1354 1042 1435 has
1078 1379 1165 1438 non
1184 1351 1459 1462 reddiderint,
1492 1365 1567 1437 aut
1585 1353 1763 1440 Civitati
1781 1358 1825 1440 in
1845 1352 2022 1444 Judieio

354 1465 440 1568 non
461 1473 682 1574 astiterint,
719 1472 928 1557 voluerint
957 1472 1072 1579 ipsos
1094 1468 1363 1554 Castellanus
1380 1473 1451 1558 uel
1470 1473 1684 1581 palatinus
1725 1472 1935 1582 saepefati
1953 1477 2023 1560 vel

354 1599 423 1710 alij
437 1591 624 1680 ¹dudioes
643 1588 1005 1700 rebus'aliquibus
1026 1588 1221 1695 spoliare,
1241 1591 1329 1670 vim
1348 1590 1392 1671 vi
1411 1589 1642 1698 repellendi
1676 1589 1867 1674 habeant
1898 1602 2022 1700 pote-

354 1726 523 1802 statem.
545 1743 551 1770 ·‘
566 1710 797 1795 Caeterum
817 1707 853 1789 si
873 1706 1032 1813 majore
1052 1706 1095 1788 vi
1114 1702 1272 1788 fuerint
1311 1706 1500 1814 spoliati,
1522 1706 1774 1818 spoliatores
1797 1735 1957 1805 ¹eorum
1976 1721 2022 1794 et

354 1859 535 1947 quorum
576 1840 706 1911 antea
744 1823 900 1908 fuerint
940 1823 1120 1932 spoliati,
1141 1831 1368 1907 teneantur
1389 1828 1548 1910 eisdem
1568 1824 1907 1911 habitationibus
1926 1826 2020 1935 ipso

348 1949 612 2065 jure’ablata
631 1947 863 2044 restituere,
886 1970 938 2023 ac
959 1968 1084 2052 omne
1103 1943 1322 2025 interesse.
1355 1943 1415 2048 Ut
1430 1955 1574 2029 autem
1589 1968 1792 2055 praesens
1814 1946 2022 2057 scripturn

243 2121 253 2130 ·
324 2057 331 2065 ⁵
352 2071 483 2156 robur
515 2065 674 2176 publici
709 2062 903 2148 obtineat
931 2060 1210 2160 instrumenti,
1230 2060 1358 2171 sigilli
1377 2064 1511 2148 nostri
1528 2063 1759 2148 munimine
1778 2064 1920 2176 ipsum
1941 2064 2022 2145 du·

352 2190 491 2273 ximus
508 2183 808 2269 roborandum.
841 2180 997 2263 Testes
1018 2206 1124 2263 vero
1140 2178 1267 2287 hujus
1286 2179 1348 2262 rei
1368 2181 1427 2300 hij
1447 2193 1560 2286 sunt,
1575 2179 1720 2266 Adam
1740 2180 2022 2283 Castellanus,
2173 2233 2177 2241 -

277 2314 283 2327 ‘
306 2359 309 2364 -
352 2301 553 2392 Nioolaus
574 2292 820 2410 supradicti
838 2297 1065 2407 vSbigneus
1081 2297 1312 2401 Palatinus,
1351 2297 1598 2412 Boguslaus
1619 2298 1890 2414 Castellanus
1912 2289 2022 2386 San-

354 2422 628 2525 domlriensis,
650 2418 845 2504 Veislaus
867 2415 1144 2520 Castellanus
1159 2415 1212 2497 de
1233 2413 1492 2528 Malogosez,
1515 2415 1738 2505 Subislaus
1751 2417 2020 2503 Castellanus

353 2545 409 2626 de
429 2527 688 2640 Zawiehost,
705 2536 899 2621 dominus
919 2534 1166 2643 Lyassotha
1185 2533 1461 2643 Praepositae
1482 2534 1797 2621 Searmiriensis
1816 2534 2022 2620 frotardo
2165 2537 2171 2544 ’

351 2650 496 2745 ordine
516 2659 737 2755 minorum,
760 2652 989 2748 Janussius
1011 2654 1208 2736 ducissae
1232 2650 1515 2757 Camerarius,
1536 2654 1689 2739 Petrus
1710 2653 1928 2738 Tribunus
1949 2650 2023 2734 Vi·

350 2777 567 2886 slieiens'is,
588 2772 846 2860 Varaoslaus
877 2771 1262 2875 Subsaneellarius,
1281 2772 1528 2857 Nodenaius
1570 2772 1784 2871 sacerdos,
1815 2770 2023 2872 Jacobus,

350 2896 382 2979 J
383 2920 541 2981 oannes
559 2891 712 2978 Clerici
733 2903 776 2972 et
797 2888 1017 2999 Capellani
1038 2891 1170 2974 nostri
1192 2899 1237 2970 at
1256 2891 1326 2998 alij
1345 2891 1508 2999 plures
1523 2890 1687 2972 Datum
1705 2891 1751 2971 in
1763 2887 1953 2971 Obrarow
1965 2884 2022 2999 (²)

350 3026 540 3123 tempore
581 3009 809 3119 colloquii,
835 3007 960 3091 Anno
1005 3035 1032 3089 a
1052 3003 1277 3090 nativitate
1298 3008 1470 3121 domini,
1488 3005 1708 3092 millesimo
1730 3004 2022 3088 ducentesimo

200 3176 204 3182 ·
262 3141 265 3148 '
348 3128 715 3245 quinquagesimo,
729 3134 848 3209 sexto
869 3124 1088 3218 Indicisue
1111 3123 1461 3236 quintadecima,
1482 3113 1619 3233 pridie
1633 3127 1768 3208 nonas
1784 3120 2020 3228 Februarij.

358 3413 361 3422 Ι
452 3328 497 3410 (²)
517 3319 664 3394 'Ooraaw
678 3322 857 3411 parochiae
874 3313 952 3389 suae
969 3331 1080 3410 eaput,
1092 3319 1171 3388 villa
1183 3303 1582 3390 hodie‘sandomiriensis
1596 3321 1745 3410 regionis
1761 3329 1795 3387 et
1807 3315 1977 3386 territorii.

1076 3517 1282 3727 lllllllll.
1347 3591 1350 3596 ⁹
1457 3667 1468 3684 ·

826 3832 1191 3937 Heraeum-
1203 3785 1357 3916 urta
1381 3765 1575 3920 1256(
1685 3905 1690 3914 .

347 4021 620 4095 Balesium
638 3995 775 4093 'husu
784 4015 962 4116 ,ermen
977 4020 1012 4090 rt
1026 4016 1323 4106 manniatur
1340 4034 1403 4090 rur
1420 4033 1490 4090 orn
1504 3969 1605 4090 naua
1626 4007 1809 4090 innubae
1823 4029 1929 4087 omar
1942 3971 2019 4088 ltr-

346 4124 506 4213 ronuta
518 4121 689 4211 libertates,
703 4118 884 4194 surana
897 4120 932 4189 et
948 4111 1160 4191 murnum
1173 4119 1361 4193 nutantis
1390 4119 1664 4208 Zatmyniaent
1694 4133 1714 4190 r
1734 4114 2021 4207 moinum

851 4233 1029 4306 tunm,
1045 4220 1078 4292 n
1092 4223 1271 4311 perpetu·
1285 4220 1446 4294 aalma
1466 4223 1518 4303 (¹).
1638 4235 1666 4252 ··

452 4395 505 4480 In
524 4395 694 4480 nomine
716 4392 875 4477 domini
895 4420 1031 4474 amen.
1070 4389 1284 4491 Quoniam
1305 4393 1398 4476 dies
1418 4393 1638 4477 hominum
1658 4399 1883 4476 transeunt
1902 4353 2026 4473 velut
2066 4409 2074 4420 ·

346 4513 511 4632 umbra,
530 4526 576 4596 et
594 4539 814 4623 nunquam
854 4519 970 4592 statu
1004 4521 1257 4620 permanent
1277 4511 1320 4593 in
1343 4512 1508 4630 eodem,
1546 4511 1662 4593 uude
1682 4533 1861 4592 neeesse
1882 4517 1949 4596 est
1968 4534 2021 4598 es

450 4750 493 4829 (¹)
516 4742 729 4828 „Proeminm
742 4741 840 4827 hujus
857 4740 1022 4829 privilegii
1036 4741 1113 4806 vide
1129 4742 1164 4806 in
1177 4698 1357 4840 privilegio
1373 4743 1451 4806 anni
1467 4741 1551 4807 1254
1567 4763 1607 4806 ex
1622 4741 1742 4838 eodem
1756 4740 1843 4806 libro
1859 4719 2020 4808 Matrinus

347 4832 461 4900 24f01.
478 4834 542 4897 270
555 4831 597 4897 de
641 4849 696 4898 om
735 4828 786 4901 αἶ’
822 4826 912 4894 Nota
925 4827 1066 4894 Antonii
1090 4825 1344 4909 Muezkowseu,
1374 4846 1458 4908 quae
1489 4835 1601 4893 certos
1616 4850 1680 4896 nos
1696 4827 1788 4909 feeit,
1802 4826 2021 4913 apographon

346 4917 412 4984 hoo
429 4940 470 4982 ex
488 4916 582 4982 Tabe
627 4913 677 4978 rio
725 4912 833 4980 ublieo
851 4912 959 5000 Regni
974 4911 1134 4978 Poloniae
1151 4907 1356 5008 descriptum
1371 4931 1456 4976 esse.
1505 4944 1509 4953 ·
2026 4956 2029 4962 .

821 5113 827 5126 δ
