5409 6309
1047 871 1090 890 ·-
1148 837 1321 909 tea-

364 1042 507 1155 quiete
524 1041 569 1124 is
588 1042 676 1124 anis
696 1036 963 1124 oracionibus
985 1036 1206 1151 quibnauis
1227 1039 1447 1125 summotis
1462 1040 1776 1153 impedimentis
1789 1051 2016 1154 ponautm,

363 1158 549 1273 prefatas
569 1160 777 1245 nundinas
798 1186 874 1242 seu
893 1156 1028 1242 forum
1049 1157 1205 1242 annale.
1220 1161 1264 1244 in
1286 1159 1399 1244 dicto
1431 1171 1573 1244 munte
1608 1160 1740 1245 caluo·
1766 1164 1944 1273 amplius
1971 1175 2018 1249 et

365 1280 422 1364 de
441 1291 580 1366 cetero
601 1272 898 1363 exerbendum.
917 1277 1156 1363 inhibemus
1193 1276 1357 1387 prefato
1387 1276 1537 1362 abbati
1558 1285 1602 1364 et
1621 1283 1708 1363 suis
1728 1309 1804 1390 pro
1825 1292 2015 1392 tempore

363 1400 680 1486 successoribus
710 1400 910 1481 mandato
945 1402 1087 1483 nostro
1122 1396 1259 1510 Regio
1297 1398 1613 1503 committimus,
1630 1409 1677 1481 ut
1695 1400 1801 1486 tales
1822 1428 2015 1486 enormes

367 1517 716 1606 deordinaciones
738 1516 1111 1632 scandalososquo
1147 1516 1395 1602 Conventus
1426 1515 1525 1636 (sic)
1545 1545 1621 1628 pro
1644 1518 1766 1602 dictis
1790 1521 1951 1625 diebus,
1973 1524 2019 1605 in

365 1639 520 1750 quibus
541 1640 712 1751 spiritus
733 1637 870 1719 sancti
887 1641 1045 1748 ‘gracia
1078 1636 1228 1749 pocius
1263 1646 1329 1723 est
1362 1639 1630 1753 impl-oranda
1667 1637 1760 1721 fieri
1792 1641 2020 1749 prohibeat

366 1760 579 1864 ducturas,
613 1755 989 1869 propinacionesue
1017 1757 1315 1842 cereuisiarum
1351 1758 1612 1869 aliorumque
1642 1760 1914 1870 potagiorum
1933 1789 2019 1845 non

366 1878 574 1984 admittat,
613 1875 787 1987 tuguria
812 1877 998 1985 ‘insuper
1030 1903 1107 1987 pro
1142 1878 1356 1987 premissis
1397 1878 1641 1965 exercendis
1662 1880 1704 1959 in
1727 1879 1839 1964 dicto
1875 1892 2019 1966 monte

342 2087 345 2092 ,
366 1998 488 2081 caluo
507 2009 754 2084 construere
772 1993 885 2082 nulla
905 1996 1085 2082 racione·
1095 1998 1324 2107 permittat,
1345 2000 1435 2083 sola
1456 2000 1677 2084 dumtaxat
1697 1996 1879 2083 taberna
1897 2026 2021 2085 exce·

364 2128 440 2229 pta
462 2146 545 2227 que
566 2120 649 2203 illio
671 2113 904 2221 antiquitus
926 2126 991 2199 est
1009 2117 1150 2200 locata
1169 2124 1244 2198 aut
1265 2128 1418 2225 erecta,
1455 2146 1586 2230 quam
1615 2120 1659 2200 in
1679 2119 1869 2228 primeuo
1905 2119 2021 2208 statu

366 2243 415 2321 et.
430 2238 677 2324 condicione
697 2232 890 2318 uolumus
911 2261 1170 2344 permanere.
1230 2238 1296 2321 Ne
1318 2249 1462 2322 autem
1483 2236 1722 2324 hominibus
1754 2237 1890 2323 dictas
1912 2270 2023 2326 nun·
2093 2343 2098 2350 ,

368 2358 488 2440 dines
523 2380 723 2442 exercere
758 2353 999 2439 uolentibus
1033 2346 1288 2467 negociandi
1328 2369 1404 2441 aut
1437 2358 1665 2462 mercandi,
1704 2359 1917 2445 uendendi
1952 2359 2023 2446 uel

369 2477 538 2561 emendi
556 2475 738 2560 facultas
759 2472 887 2556 adimi
907 2475 1131 2577 uideatur,
1153 2475 1269 2585 ipsas
1306 2479 1396 2561 siue
1434 2477 1572 2563 forum
1616 2478 1765 2561 annale
1802 2479 1842 2560 in
1864 2477 2023 2593 oppido

370 2592 586 2708 Slnpisub
607 2603 749 2679 monte
771 2592 893 2679 caluo
914 2595 1148 2684 antedicto
1170 2599 1263 2702 sito,
1298 2596 1366 2680 bis
1395 2599 1437 2680 in
1458 2627 1583 2705 anno,
1618 2595 1819 2682 uidelicet
1837 2628 1914 2709 pro
1937 2602 2024 2685 die·

366 2715 448 2799 bus
466 2714 574 2800 testi
603 2716 880 2802 Pentecostes
912 2723 962 2800 et
987 2740 1064 2825 pro
1094 2714 1204 2799 festo
1235 2718 1348 2800 beati
1379 2716 1605 2803 Laurenoii
1635 2721 1816 2802 martiris
1837 2748 2024 2805 necnon

366 2843 442 2947 per
471 2845 613 2921 totam
640 2847 838 2920 octauam
870 2831 1072 2920 festorum
1103 2834 1389 2945 predictorum
1420 2837 1599 2948 singulis
1630 2838 1752 2918 annis
1783 2838 2022 2946 indiximus,

368 2956 605 3058 statuimus,
635 2962 681 3038 et
708 2951 940 3064 posuimus,
970 2951 1294 3064 indicimusque‚
1325 2955 1520 3062 ponimus
1553 2964 1596 3038 et
1626 2956 1851 3039 statuimus
1872 2985 2026 3067 perpe·

367 3084 442 3157 tuo
474 3081 518 3156 et
546 3074 591 3154 in
623 3077 746 3156 euvn'r
776 3076 922 3155 tenore
954 3074 1225 3184 presencium
1245 3054 1472 3175 mediante,
1504 3071 1561 3158 ab
1592 3072 1786 3160 omnibus
1817 3087 2025 3161 mercato·

367 3192 499 3296 ribus,
526 3189 772 3275 uectoribus
804 3195 848 3269 et
876 3190 1047 3303 populis
1080 3193 1386 3305 cuiuscumque
1415 3202 1554 3278 status
1585 3193 1857 3298 condicionis,
1887 3219 2026 3299 sexus,

369 3318 446 3396 aut
475 3312 783 3424 preeminencie
832 3313 1030 3416 existant,
1078 3337 1194 3396 more
1226 3313 1447 3396 ciuitatum
1482 3323 1525 3397 et
1554 3315 1730 3399 aliorum
1776 3314 2027 3424 oppidorum

369 3429 510 3545 Regni
540 3433 671 3514 nostri
693 3421 937 3513 celebrandi
968 3439 1018 3515 et'
1040 3431 1209 3514 realiter
1238 3433 1473 3532 exercendi,
1506 3435 1780 3519 decernentes
1816 3434 2025 3543 presentis

370 3551 517 3663 scripti
537 3551 782 3658 patrocinio,
822 3557 872 3630 ut
913 3552 1174 3659 quicumque
1205 3551 1409 3653 homines,
1434 3553 1496 3636 ad
1537 3548 1777 3639 huiusmodi
1816 3554 2026 3637 nundinas

371 3704 446 3759 seu
467 3668 635 3755 annalib
653 3665 748 3752 fora
767 3691 845 3778 pro
865 3664 1168 3754 festiuitatibus
1198 3670 1505 3756 Pentecosthes
1537 3684 1581 3756 et
1610 3672 1833 3757 Laurenoii
1863 3674 2026 3783 predic·
2077 3693 2083 3706 ·

371 3797 438 3898 fiir
468 3790 524 3873 ad
545 3788 809 3898 sepedictum
832 3788 1034 3897 Oppidum
1067 3785 1189 3899 Slupi
1215 3791 1365 3900 gracia
1396 3793 1575 3899 emendi,
1616 3793 1841 3892 uendendi,
1885 3802 1929 3874 et
1957 3822 2025 3879 res
2092 3812 2096 3818 ’
2224 3879 2229 3890 ,

373 3939 449 4023 pro
478 3906 606 3993 rebus
648 3909 938 3992 commutandi
978 3909 1236 3992 accesserint
1263 3909 1307 3989 in
1339 3908 1585 3996 accedendo
1617 3921 1659 3993 et
1688 3910 1926 3995 recedendo
1962 3939 2028 3997 se·

374 4031 550 4115 curitate
595 4025 741 4110 nostra
784 4022 973 4136 plenaria
1007 4038 1049 4112 et
1078 4035 1316 4111 nostrorum
1348 4055 1640 4115 successorum
1671 4034 1905 4139 pociantur,
1946 4033 2027 4114 nisi

373 4149 478 4235 tales
500 4148 584 4230 sint
615 4167 723 4253 quos
753 4146 844 4228 iura
864 4174 949 4230 non
972 4152 1143 4233 tuentur
1173 4156 1217 4230 et
1247 4151 1404 4259 quibus
1425 4151 1572 4235 merito
1595 4148 1903 4260 fidedignorum
1927 4176 2029 4233 cou-

375 4270 511 4354 sorcia
558 4264 832 4375 denegantur.
895 4263 1094 4352 Volentes
1126 4266 1297 4375 insuper
1328 4268 1431 4350 dicti
1460 4270 1704 4354 monasterii
1735 4269 1888 4355 montis
1920 4268 2029 4351 calui

377 4385 666 4473 condicionem
707 4382 849 4484 facere
879 4387 1110 4488 meliorem,
1141 4394 1190 4467 ut
1218 4384 1316 4467 inde
1345 4385 1614 4474 uberioribus
1644 4384 1796 4470 fratres
1838 4386 2028 4471 eiusdem

377 4507 520 4620 gracie
551 4511 693 4588 nostre
733 4502 926 4624 presidiis
973 4506 1233 4618 subportabi,
1279 4504 1527 4591 altissimum
1567 4533 1643 4617 pro
1675 4504 1796 4592 nobis
1829 4534 1880 4589 ae
1911 4514 2029 4591 statu

373 4623 602 4735 reipublice
643 4617 878 4705 feruencius
909 4627 1113 4711 studeant
1144 4650 1334 4727 exorare,
1373 4623 1536 4735 prefato
1575 4626 1785 4712 Michaeli·
1807 4623 1955 4710 abbati
1986 4634 2030 4708 et

375 4746 463 4832 suis
494 4770 570 4855 pro
601 4748 792 4852 tempore
823 4745 1140 4832 successoribus
1170 4744 1343 4827 racione
1384 4744 1575 4830 foralium
1617 4774 1642 4829 a
1684 4746 1876 4854 quolibet
1904 4773 2030 4829 curru

374 4864 505 4979 panni
534 4870 707 4948 onerato
738 4889 815 4972 per
842 4887 971 4951 unum
993 4890 1199 4980 grossum,
1231 4861 1285 4946 ab
1318 4863 1407 4947 aliis
1438 4891 1541 4950 uero
1573 4855 1764 4949 curribus
1785 4866 2025 4950 institorum

375 4988 464 5072 siue
512 4980 874 5070 mercimoniorum
918 5014 993 5097 per
1031 4987 1216 5072 medium
1262 5012 1458 5098 grossum
1503 4983 1673 5071 tollendi
1714 5014 1766 5068 ac
1795 4981 2028 5095 recipiendi
