5409 6309
1378 858 1555 954 -as'r
1605 898 1651 922 -
1792 934 1800 953 ,

688 1074 839 1160 hannis
869 1071 1140 1185 proximiores
1169 1069 1306 1155 redire
1339 1068 1495 1154 debent
1518 1074 1560 1154 et
1579 1066 1734 1156 reuerti
1762 1069 1888 1182 pleno
1918 1065 2044 1175 Jure,
2073 1068 2347 1158 Presencium

688 1193 769 1279 snb
789 1202 932 1278 nostre
952 1192 1186 1275 maiestatis
1209 1188 1358 1302 Sigillo
1379 1191 1618 1275 testimonio
1646 1189 1894 1274 litterarum.
1944 1187 2100 1274 Actum
2119 1190 2164 1273 in
2186 1185 2346 1276 Cercetii

687 1314 732 1397 in
753 1312 935 1398 crastino
967 1309 1116 1397 Sancti
1145 1308 1175 1393 J
1177 1308 1302 1394 acobi
1331 1310 1528 1422 Apostoli
1547 1308 1672 1393 Anno
1695 1308 1850 1393 domini
1870 1307 2091 1407 millesimo
2112 1307 2345 1395 Trecente·

687 1433 793 1519 simo
813 1431 1101 1543 Nonagesimo
1123 1428 1267 1512 tercio.
1318 1427 1593 1515 Presentibus
1623 1426 1851 1538 Spithcone
1875 1425 2149 1514 Oraconiensi
2168 1429 2343 1515 lescone

688 1548 843 1666 lipunza
862 1549 1109 1635 lanciciensi
1129 1546 1332 1651 Palatinis
1356 1547 1550 1634 dobcone
1572 1548 1624 1631 de
1648 1543 1865 1632 Cosczcr‘cre
1899 1546 2103 1657 Dapifero
2138 1547 2344 1635 michaele

688 1668 937 1773 Sibiudice,
979 1668 1336 1755 Oracouiensibus
1377 1667 1624 1754 Prandotha
1665 1664 1895 1753 Subiudice
1937 1666 2268 1754 Sandomiriensi
2304 1675 2347 1753 et

687 1788 883 1874 Hinczca
903 1786 1271 1875 Vicethesaurario
1293 1815 1344 1871 ac
1368 1789 1457 1872 aliis
1479 1786 1624 1871 multis
1645 1786 1798 1872 nostris
1820 1785 2015 1874 fidelibus
2036 1782 2276 1899 fidedignis.

1414 2210 1624 2343 clxxx.

960 2466 1366 2556 macerae-ao
1387 2416 2073 2571 cenomannicorum.

685 2689 961 2766 Meclslaus
989 2690 1091 2765 lton
1105 2689 1278 2763 turcanis
1298 2690 1402 2763 nme
1429 2688 1522 2762 ullu
1536 2690 1569 2762 ot
1581 2688 1793 2792 mnoditnu
1819 2708 1839 2765 r
1857 2691 2045 2766 moranno
2064 2689 2217 2767 simtu
2235 2707 2342 2767 rum

761 2804 837 2878 enit
851 2805 885 2877 ot
898 2804 1087 2878 comneno
1100 2801 1250 2896 rljnffl,
1264 2801 1402 2875 lirtrrli
1415 2798 1547 2875 Premit
1559 2817 1633 2875 voro
1646 2800 1753 2876 vnn
1767 2802 1985 2907 &cmm
1998 2802 2192 2880 ctrnrtim
2207 2806 2260 2888 (¹).

718 3068 727 3087 .
787 3011 839 3103 In
859 3013 1028 3096 nomine
1046 3010 1217 3097 Domini
1237 3009 1388 3096 Amen.
1418 3010 1628 3096 Humanis
1648 3009 1778 3095 rebus
1799 3038 1932 3123 saepe
1953 3011 2093 3126 caligo
2114 3011 2340 3100 oblivionis

685 3142 729 3217 et
757 3131 981 3242 scrupulus
1021 3131 1258 3216 calumniae
1299 3139 1593 3235 novereantur,
1627 3131 1709 3214 nisi
1743 3130 1901 3241 scripto
1936 3130 2111 3217 testium
2131 3142 2175 3217 et
2193 3134 2341 3245 scripti

683 3253 922 3336 testimonio
942 3277 1128 3361 perenne
1146 3250 1357 3361 recipiant
1376 3247 1700 3333 firmamentum.
1746 3249 1805 3333 Et
1822 3249 1999 3362 proinde
2019 3279 2097 3337 nos
2117 3251 2339 3338 Mecislaus

681 3372 951 3456 miseratione
970 3370 1128 3471 Divina
1147 3367 1316 3473 Abbas,
1336 3368 1493 3453 Paulus
1513 3368 1644 3474 Prior,
1665 3366 1857 3455 loannes
1877 3369 2174 3481 Praepositae,
2197 3369 2339 3459 Steni-

682 3492 796 3575 slaus
816 3489 988 3595 Custos,
1008 3488 1218 3574 Matthias.
1234 3489 1447 3600 Olaviger,
1469 3485 1501 3571 J
1502 3515 1658 3574 oannes
1678 3487 1942 3605 Procurator,
1959 3488 2339 3597 Joannes'Oantor,

680 3609 882 3699 Nicolaus
895 3606 1126 3696 Confessor
1146 3618 1352 3720 totusque
1363 3606 1611 3693 Conventus
1626 3609 1869 3720 Monastery
1879 3609 2159 3721 Tyniecensis
2170 3608 2353 3703 Ordinis.

682 3727 726 3816 S.
746 3729 969 3841 Benedicti
989 3728 1284 3815 Oracoviensis
1315 3726 1573 3811 Dioeceseos
1605 3736 1752 3813 notum
1787 3726 1967 3813 facimus
1990 3729 2146 3843 quibus
2167 3729 2341 3841 expedit
2420 3732 2425 3743 ’

683 3849 886 3932 rmiversis
915 3849 1199 3958 praesentium
1230 3847 1420 3930 notitiam
1452 3845 1672 3930 habituris.
1724 3844 1851 3950 Quod
1871 3876 1949 3934 nos
1969 3849 2160 3934 volentes
2194 3848 2336 3961 profe-

681 3976 798 4052 ctum
820 3976 864 4051 et
882 3968 1104 4052 utilitatem
1133 3964 1377 4074 Monast‘ery
1406 3968 1540 4050 nostri
1570 3964 1781 4072 ordinare,
1799 3966 1845 4051 in
1863 3968 1973 4052 villis
1993 3972 2147 4056 nostris
2169 3980 2214 4054 et
2231 3969 2336 4054 hae-

679 4088 862 4171 reditate
883 4087 983 4170 dicti
1002 4085 1245 4195 Monostery
1264 4085 1415 4189 nostri,
1436 4084 1636 4170 videlicet
1653 4082 1844 4201 Korporo,
1873 4086 2127 4200 Domborzyn
2148 4098 2191 4173 et
2211 4085 2337 4177 seul-

679 4208 785 4292 tetia
803 4209 848 4290 in
867 4204 1078 4292 Zboroor'ce
1099 4234 1184 4317 per
1212 4203 1570 4290 Praedecessores
1599 4214 1765 4292 nostros
1785 4208 1830 4290 in
1850 4204 2110 4319 obligatione
2151 4209 2338 4295 diversa-

679 4355 772 4412 rum
792 4353 1049 4413 summarum
1078 4324 1284 4438 pecuniae
1315 4323 1543 4429 alienatas,
1572 4325 1774 4439 ipsasque
1808 4354 1996 4413 exemere
2020 4337 2063 4412 et
2082 4326 2338 4417 Monasterio

680 4457 823 4534 nostro
854 4472 1106 4532 econverso
1135 4447 1388 4557 adiungere,
1418 4441 1656 4530 Trecentos
1684 4472 1852 4531 marcas
1883 4474 2126 4560 grossorum
2156 4447 2340 4535 latorum

680 4566 764 4653 Pra
797 4567 983 4671 ensium,
1010 4561 1307 4680 Quadraginta
1337 4570 1436 4649 octo
1467 4591 1639 4677 grossos
1669 4592 1745 4676 pro
1776 4567 1970 4678 qualibet
1994 4595 2139 4652 marca
2159 4595 2338 4679 compu-

680 4596 812 4770 caulo
831 4686 1069 4796 recepimus
1091 4686 1207 4795 apud
1227 4684 1467 4771 Honestum
1488 4682 1633 4771 Virum
1654 4684 1904 4771 Michaelem
1925 4686 1979 4771 de
1999 4686 2156 4775 Rerich
2178 4688 2337 4773 dictum

680 4800 872 4906 Pusznr'lc,
901 4831 978 4916 pro
1010 4803 1167 4915 quibus
1198 4804 1371 4917 quidem
1400 4801 1622 4889 Trecentis
1651 4804 1805 4892 marcis
1842 4832 2087 4920 grossorum
2108 4807 2336 4894 exemimus

787 5039 827 5120 (¹)
850 5035 1003 5106 Tabulam
1016 5038 1101 5106 hanc
1114 5038 1150 5106 in
1163 5036 1357 5127 apographo
1371 5036 1624 5106 communicarit
1637 5039 1809 5109 nobiscum
1822 5036 1992 5129 Joaephne
2005 5041 2224 5131 nspkowaki,
