5409 6309
1367 848 1643 919 ...224-

527 1082 531 1092 '
669 1066 824 1151 stabile
845 1064 1060 1171 roburque
1081 1069 1314 1171 perpetuae
1336 1060 1545 1144 firmitatis
1565 1062 1787 1146 'obtinere
1839 1064 2022 1148 Proinde
2041 1068 2134 1152 Nos
2160 1069 2342 1157 Oasimi-

668 1212 738 1267 rus
761 1183 842 1263 Dei
865 1178 1013 1267 Gratia
1034 1179 1127 1263 Rex
1147 1179 1348 1263 Poloniae
1379 1189 1531 1285 notum
1561 1178 1740 1263 facimus
1762 1183 1976 1264 universis
1990 1193 2080 1267 tam
2100 1196 2336 1296 praesenti·

667 1303 746 1383 bns
770 1327 901 1408 quam
920 1295 1070 1407 fntrrris
1091 1299 1203 1379 hanc
1224 1298 1411 1380 Literam
1432 1300 1708 1405 inspecturis,
1740 1299 1856 1409 quod
1889 1301 2106 1409 cupientes
2129 1307 2336 1389 utilitates
2443 1396 2454 1411 ,

643 1416 808 1531 ,Regni
842 1419 977 1502 nostri
996 1444 1072 1524 per
1094 1416 1272 1523 amplius
1304 1416 1518 1522 ampliare,
1540 1417 1592 1496 de
1616 1414 1778 1524 Sylvis,
1801 1418 1853 1497 de
1876 1418 2033 1527 quibus
2064 1422 2200 1507 Nobis
2221 1427 2339 1509 nulla

664 1536 861 1646 paenitus
880 1535 1052 1618 utilitas
1070 1533 1368 1643 proveniebat,
1392 1534 1573 1616 discreto
1606 1532 1705 1617 Viro
1738 1531 1907 1623 dacobo
1940 1537 2088 1621 damus
2121 1538 2273 1623 Villam
2293 1545 2336 1625 in
2374 1570 2381 1577 ·

665 1652 795 1737 fluvio
833 1655 948 1738 dicto
985 1650 1130 1734 Litora
1166 1652 1272 1735 dure
1309 1651 1577 1736 Theutonico
1617 1653 1732 1763 quod
1753 1651 2141 1765 'Magdeburgensc
2174 1660 2337 1762 dicitur,

663 1767 835 1855 locandi
871 1771 1155 1857 omnimodam
1191 1777 1468 1879 potestatem.
1526 1766 1649 1867 Quae
1685 1768 1795 1851 Villa
1830 1770 2008 1871 habebit
2042 1773 2149 1855 infra
2177 1776 2334 1859 limites
2449 1801 2454 1809 ·

449 1850 454 1855 Ι
530 1952 537 1957 .
667 1886 852 1972 Centum
888 1887 1053 1998 Viginti
1086 1888 1280 1992 Mansos,
1311 1888 1363 1970 In
1386 1912 1473 1994 qua
1508 1884 1622 1970 Villa
1656 1888 1819 1972 ratione
1855 1888 2076 1977 locationis
2112 1893 2331 2001 praedicto

667 2004 846 2106 Jacobo-
860 2012 902 2088 et
921 2006 1108 2091 Posteris
1129 2005 1271 2114 Ipsius
1294 2006 1444 2087 damus
1484 2004 1734 2088 Scultetiam
1764 2015 1970 2119 perpetuo
1993 2017 2035 2088 et
2057 2007 2163 2091 Jure
2182 2010 2335 2095 haere·

609 2188 615 2203 ,
667 2124 816 2208 ditario
836 2124 1371 2226 tenendam,·habendam,
1403 2123 1726 2233 possidendam,
1759 2123 2030 2229 donandam,
2051 2127 2333 2231 vendendam,

665 2243 1009 2325 commutandam
1029 2269 1105 2349 pro
1130 2241 1219 2326 Sua
1237 2255 1279 2323 et
1295 2241 1477 2327 Suorum
1499 2250 1763 2346 posterorum
1784 2243 1967 2325 utilitate
1990 2246 2332 2329 convertendam.
2388 2296 2392 2317 ι

667 2357 747 2442 Oui
770 2360 964 2443 Sculteto
989 2368 1031 2441 et
1053 2360 1167 2444 Suae
1199 2359 1436 2467 posteritati
1455 2359 1618 2441 damus
1650 2370 1856 2468 perpetuo
1879 2355 1989 2444 Octo
2010 2360 2183 2445 Mansos
2203 2362 2335 2446 Libe-

665 2503 753 2580 rOS,
773 2477 916 2591 Etiam
937 2506 1012 2587 pro
1033 2476 1231 2559 Ecclesia
1261 2506 1393 2558 unum
1425 2475 1623 2559 Mansum
1645 2486 1688 2558 et
1709 2478 1837 2579 allum
1857 2505 1934 2586 pro
1956 2479 2154 2586 pellendo
2187 2508 2333 2592 grege,

544 2620 548 2627 ·
667 2595 740 2702 qui
761 2595 994 2705 vulgariter
1027 2592 1213 2677 Sluotnico
1235 2595 1387 2676 dicitur
1406 2594 1560 2677 liberos
1582 2622 1697 2678 more
1718 2596 1937 2703 praedicto
1969 2594 2336 2707 Magdeburgensi

665 2721 954 2818 mensuratos,
995 2708 1241 2813 Molendina
1278 2720 1555 2823 quotcunque
1576 2714 1720 2821 potest
1740 2711 1882 2795 facere
1901 2713 1944 2794 in
1964 2714 2092 2797 fluvio
2113 2716 2334 2822 praedicto

664 2825 773 2910 infra
804 2830 960 2931 limites
995 2831 1133 2911 dictae
1165 2828 1412 2912 hereditatis
1433 2830 1588 2933 libera,
1612 2831 1724 2923 dicto
1748 2829 1944 2923 Sc'ulteto
1966 2839 2009 2913 et
2030 2828 2127 2914 Suis
2150 2830 2333 2916 Succes-

665 2948 830 3028 soribus
869 2949 1017 3031 damus
1057 2946 1279 3055 Gameram
1311 2948 1473 3031 Panum
1505 2974 1582 3045 seu
1616 2949 1825 3057 pistorum
1861 2947 2104 3032 Tabernam
2139 2948 2331 3051 liberam,

590 3136 595 3147 .
664 3063 891 3147 Macellum
928 3066 1120 3149 carnium
1141 3094 1218 3147 seu
1239 3065 1464 3149 Cameram
1499 3063 1823 3170 Brascatorum,
1862 3066 2086 3151 Cameram
2118 3066 2331 3171 Satorum,
2428 3173 2432 3179 ¹

663 3180 876 3265 Piscinam
895 3185 1073 3268 liberam
1092 3181 1135 3265 in
1156 3183 1268 3267 Villa
1287 3184 1356 3267 vel
1376 3193 1496 3265 extra
1515 3183 1675 3286 villam,
1708 3183 1788 3268 Oui
1822 3184 2013 3270 Sculteto
2033 3193 2079 3295 ¹et
2101 3179 2331 3270 Successo-

663 3299 781 3383 ribus
803 3300 941 3406 Ipsius
962 3301 1108 3385 licebit
1128 3303 1284 3407 piscari
1304 3306 1444 3412 pisces
1465 3300 1618 3405 libere,
1641 3308 1825 3412 quatuor
1846 3304 1990 3386 hortos
2010 3302 2186 3407 liberos,
2222 3304 2330 3386 Item

664 3415 814 3498 damus
837 3416 929 3501 Sibi
949 3427 993 3499 et
1014 3418 1111 3503 Suis
1132 3420 1317 3503 Posteris
1348 3428 1556 3530 perpetuo
1587 3421 1756 3501 tertium
1780 3419 2071 3504 denariam‘de
2086 3419 2266 3518 ‚Judioio
2288 3422 2330 3502 in

661 3536 809 3642 poenis
831 3544 921 3618 tam
936 3537 1105 3648 Magnis
1128 3563 1258 3649 quam
1277 3540 1442 3647 parvis,
1479 3536 1646 3619 duobus
1679 3534 1886 3620 duntaxat
1913 3541 2153 3622 reservatis.
2203 3537 2261 3619 Et
2280 3548 2328 3621 ut

664 3651 780 3735 dicta
800 3653 910 3736 Villa
931 3683 981 3739 eo
1003 3655 1127 3736 eitius
1164 3657 1300 3765 possit
1331 3655 1461 3739 locari
1494 3650 1704 3737 Omnibus
1728 3666 1770 3761 et
1791 3656 1978 3767 Singulis
2011 3655 2330 3757 Omethonibus,

664 3771 801 3878 quiin
822 3771 925 3880 Ipsa
960 3771 1213 3856 locabuntur
1249 3801 1275 3853 a
1298 3773 1399 3855 data
1435 3771 1806 3863 Praesentiumad
1826 3774 2133 3884 vigintiannos
2171 3801 2197 3855 a
2217 3773 2332 3857 solu-

663 3889 776 3971 tione
800 3888 974 3993 Census
991 3900 1034 3989 et
1051 3889 1245 3977 Servicio
1269 3891 1419 3973 damus
1440 3899 1484 3972 et
1496 3885 1708 4001 largimur
1745 3885 2043 3999 Omnimodam
2077 3891 2330 3975 libertatem.

664 4003 762 4106 Qua
784 3998 930 4115 elapsa
951 4016 1054 4091 tunc
1076 4008 1333 4105 Omethones
1372 4008 1695 4119 singulisannis
1716 4018 1925 4120 perpetuo
1956 4009 2117 4121 scilicet
2137 4011 2181 4091 in
2201 4007 2332 4091 Festo

664 4124 816 4210 Sancti
834 4126 1005 4209 Martini
1026 4128 1080 4211 de
1102 4126 1295 4238 quolibet
1313 4127 1464 4210 Manso
1485 4153 1561 4234 pro
1584 4125 1729 4211 Oensu
1747 4156 1824 4236 per
1846 4125 1957 4213 Octo
1972 4126 2128 4241 Scotos
2150 4124 2332 4215 Grosso·

563 4253 569 4258 ’
660 4270 754 4326 rum
775 4246 962 4349 solvent,
984 4254 1028 4325 et
1048 4273 1125 4354 pro
1148 4246 1314 4329 decima
1334 4245 1403 4327 cui
1427 4242 1650 4357 debebitur
1669 4244 1744 4354 per
1763 4246 2001 4329 Fertonem.
2038 4244 2108 4327 Ad
2128 4245 2211 4326 tria
2230 4270 2333 4326 vero

615 4424 617 4429 ,
662 4360 834 4445 Iudicia
870 4363 1033 4475 Magna
1069 4392 1183 4476 quae
1203 4374 1267 4446 ter
1287 4365 1330 4446 in
1350 4363 1475 4447 Anno
1496 4362 1589 4446 fieri
1611 4373 1958 4467 consueverunt,
1977 4370 2121 4449 nostro
2156 4361 2329 4463 Nuntio,

486 4526 496 4543 ·
607 4600 613 4609 Ι
663 4482 868 4591 quemad
888 4481 971 4567 hoc
992 4482 1207 4566 mittemus
1230 4482 1381 4567 ,Unum
1412 4478 1878 4591 prandiumScultetus
1899 4489 1945 4567 et
1962 4481 2047 4564 dno
2070 4479 2332 4566 Omcthones

662 4736 668 4741 ’
768 4713 810 4794 (¹)
830 4711 934 4797 Apud
948 4712 1187 4781 Wolariscium:
1212 4716 1327 4782 Latus.
1344 4715 1481 4781 Libaaza
1507 4712 1586 4777 villa
1601 4721 1654 4779 eet
1667 4711 1867 4799 parochialis
1894 4712 1959 4779 aits
1974 4713 2010 4777 in
2030 4711 2175 4794 antiqua
2195 4707 2332 4807 'regione

664 4793 832 4876 Biecensi,
848 4817 933 4861 nunc
949 4818 1030 4865 vero
1045 4800 1081 4864 in
1096 4800 1251 4881 daslensi,
1274 4799 1362 4865 inter
1385 4798 1510 4884 oppida
1539 4799 1633 4864 Birra
1648 4807 1682 4863 et
1698 4794 1828 4871 Gorlire,
1863 4795 2000 4863 Fluvios
2016 4796 2121 4862 Labor
2136 4814 2218 4860 vero
2232 4816 2268 4857 m
2281 4800 2335 4857 ta-

663 4876 739 4944 bula
754 4888 963 4960 memoratus,
979 4883 1105 4949 rivulus
1121 4894 1183 4963 est,
1200 4886 1294 4967 cujus
1311 4884 1431 4950 ostium
1448 4884 1482 4947 in
1496 4883 1592 4966 Ropa
1617 4881 1804 4969 proximum
1818 4881 1915 4949 villae
1931 4883 2093 4949 Lama
2112 4879 2165 4946 De
2184 4875 2338 4944 scultetis

515 4982 518 4987 ’
661 4962 759 5050 hujus
775 4960 872 5031 villae
890 4965 1008 5031 confer
1022 4966 1244 5054 privilegium,
1265 4966 1357 5050 quod
1371 4967 1498 5033 edimm
1513 4968 1603 5031 inl'ra
1615 4966 1675 5031 sub
1694 4988 1722 5030 a
1738 4967 1831 5031 1470.
2302 4980 2325 5011 <r
