5409 6309
1380 793 1719 869 -iid-z

1442 1109 1605 1261 xciii.
1722 1122 1725 1127 ’

1016 1364 1332 1454 &ccccmo
1344 1367 1466 1461 7-12
1485 1363 1682 1446 Martii
1696 1358 1844 1449 1343
1862 1328 2029 1448 onom
2068 1458 2076 1473 .

706 1553 984 1631 venienti-ns
1006 1553 1133 1642 legum
1154 1552 1220 1623 lior
1234 1551 1325 1627 cirea
1339 1547 1640 1735 rudolphum·
1654 1545 1800 1637 ubendo
1814 1545 1984 1621 violeum
1999 1547 2177 1623 cauum
2191 1547 2339 1641 theloneo
2358 1646 2363 1656 ἱ

1477 1668 1529 1722 err
1602 1696 1611 1715 .
2000 1710 2004 1718 .

787 1832 841 1915 In
860 1826 1028 1911 nomine
1052 1825 1209 1909 domini
1228 1825 1380 1910 Amen.
1411 1826 1538 1909 Licet
1558 1831 1658 1907 acta
1678 1848 1822 1905 coram
1840 1819 2043 1932 Regibus
2058 1831 2355 1921 contractuum

684 1952 966 2034 humanorum
997 1943 1101 2025 satis
1132 1942 1256 2055 firma
1286 1945 1574 2046 dinosctmtur,
1595 1948 1814 2023 notamen
1835 1938 2155 2050 ab'integritate
2176 1934 2256 2021 sua
2273 1940 2355 2022 flu·

686 2074 896 2167 otuentu'r,
932 2067 1106 2144 sumunt
1138 2061 1183 2142 vi
1203 2061 1349 2167 scripti
1390 2069 1645 2169 perpetuum
1674 2059 1996 2139 incrementum.
2057 2056 2245 2140 Proinde
2278 2081 2356 2140 nos

686 2179 923 2268 Oazimirus
943 2177 1015 2258 'dei
1036 2176 1176 2284 gratia
1206 2176 1298 2257 Rex
1329 2177 1533 2259 Poloniae
1564 2172 1931 2284 Recognoscimus
1962 2174 2170 2255 uniuersis
2212 2182 2358 2258 tenore

685 2294 975 2408 praesentium
1009 2292 1220 2400 potituris.
1273 2290 1402 2391 Quod
1434 2318 1532 2372 cum
1551 2300 1740 2371 nostram
1775 2300 2103 2400 nostrorumque
2142 2284 2359 2374 Beronum

616 2500 619 2507 ,
684 2412 867 2511 vicibus'
888 2437 1018 2521 quam
1051 2407 1243 2517 plurimis
1282 2408 1537 2491 accedentes
1572 2403 1861 2514 praesentiam
1892 2402 2042 2486 fideles
2073 2409 2208 2516 nostrj
2230 2407 2390 2492 Ciues
2426 2428 2442 2475 ·‘

646 2544 649 2551 ’
688 2527 1051 2629 Sandomirienses
1064 2532 1320 2608 constanter
1340 2533 1595 2635 posuerunt,
1637 2519 1863 2620 Quomodo
1901 2548 1928 2602 a
1947 2521 2094 2604 multis
2135 2523 2360 2610 retroactis
2399 2554 2402 2559 ’

688 2644 953 2753 temporibus
972 2645 1099 2725 immo
1121 2670 1345 2753 nunquam
1365 2642 1592 2728 soluissent
1612 2637 1946 2745 Theloneumin
1975 2633 2163 2722 Wislicio
2184 2640 2239 2754 (²)
2271 2641 2362 2726 Wi·
2517 2726 2527 2733 ξ

663 2763 875 2862 niciensi
896 2757 1158 2860 Castellano,
1172 2760 1298 2866 quod
1316 2760 1486 2843 nomine
1508 2785 1611 2841 suae
1633 2753 1923 2840 Castellaniae
1936 2753 2000 2843 ,ab
2023 2754 2114 2865 alijs
2136 2756 2216 2838 sibi
2232 2760 2359 2860 cedit,
2459 2852 2465 2859 p

687 2877 766 2962 sed
786 2903 953 2983 semper
984 2874 1119 2981 quieti
1148 2873 1204 2957 ab
1237 2901 1288 2959 eo
1321 2898 1420 2983 qum
1441 2878 1529 2968 suis
1550 2872 1764 2957 mercibus
1785 2881 1829 2952 et
1848 2872 1978 2956 rebus
2000 2872 2362 2984 ¹quibuscumque

686 2995 772 3078 huc
793 3000 838 3074 et
856 2992 958 3075 illac
980 2989 1091 3103 (sic),
1115 2992 1282 3098 quoties
1315 2994 1376 3074 eis
1408 3000 1695 3104 opportunum
1725 2989 1864 3073 fuerat
1902 2986 2171 3081 transierunt.
2201 2992 2364 3103 ‚Igitur

688 3112 811 3197 nobis
831 3120 910 3221 per'
928 3107 1215 3194 Barthconem
1237 3107 1473 3194 Conciuem
1503 3138 1629 3193 suum
1660 3106 2047 3194 Sandomiriensem
2084 3102 2364 3193 communiter
2501 3124 2508 3183 .’

689 3254 836 3316 omnes
871 3226 1019 3310 humili
1053 3253 1159 3310 voce
1197 3228 1562 3338 supplicauerunt.
1614 3226 1675 3311 Ut
1704 3225 1788 3310 hoc
1819 3251 1965 3309 eorum
1994 3226 2086 3308 iure
2116 3227 2228 3331 vise,
2250 3237 2295 3308 et
2314 3256 2367 3311 ex

690 3353 809 3428 certa
827 3343 1035 3427 relatione
1055 3341 1274 3429 Beronum
1296 3346 1489 3455 cognito,
1505 3346 1817 3454 inperpetuum
1835 3344 1897 3426 rei
1917 3344 2182 3447 memoriam,
2201 3343 2365 3431 literam

680 3464 882 3545 'nostram
921 3454 1128 3569 Re'galem
1147 3464 1220 3544 ‘eis
1240 3460 1363 3563 dare
1382 3463 1666 3573 d1gnar'emur.
1718 3460 1809 3544 Nos
1848 3466 1992 3543 autem
2029 3463 2224 3568 quamvis
2260 3463 2366 3544 satis

692 3575 915 3664 credibiles
937 3576 1220 3685 positionibus
1242 3606 1387 3671 eorum
1411 3576 1727 3685 constantibus,
1742 3586 1788 3660 et
1801 3577 1986 3661 Militum
2007 3580 2248 3663 nostrorum
2270 3577 2368 3688 Spi-

693 3696 826 3779 cimiri
847 3692 1049 3778 videlicet
1069 3691 1306 3780 Castellani
1328 3696 1630 3781 Oracoviensis
1653 3696 1721 3808 (³),
1745 3696 1819 3804 qui
1841 3703 1940 3778 ante
1961 3693 2102 3778 fuerat
2122 3694 2369 3780 Wislicien·

693 3810 1044 3897 sisOastellanus
1065 3812 1266 3898 Necnon
1285 3812 1407 3899 Adae
1431 3814 1484 3933 de
1505 3811 1640 3916 Xieza
1673 3814 1771 3897 olim
1802 3815 1932 3897 etiam
1964 3813 2201 3899 Castelloni
2222 3813 2366 3901 Wisli·

797 4045 841 4124 (¹)
863 4042 1088 4110 Doctissimus
1113 4044 1282 4111 Antonius
1307 4044 1541 4112 Mucrkowski
1567 4044 1679 4111 deseri
1705 4044 1750 4109 sit
1775 4045 1996 4132 apographon
2009 4045 2075 4111 hoc
2090 4066 2132 4110 ex
2147 4041 2243 4110 libris
2271 4061 2370 4111 monn

694 4125 829 4275 spriptis
859 4126 1028 4193 Tabularii
1057 4126 1183 4212 publici
1212 4126 1320 4217 Regni
1348 4131 1510 4197 Poloniae
1540 4067 1713 4216 „Metryli
1726 4128 1899 4196 koroune”
1930 4130 2041 4212 dictis,
2066 4128 2134 4194 vol.
2147 4129 2199 4212 93,
2215 4151 2292 4217 pag.
2306 4130 2369 4194 323

695 4231 712 4275 e
744 4226 840 4294 seq.
1816 4227 1827 4238 ⁵

761 4340 766 4345 -
798 4230 842 4375 (l)
872 4294 1013 4362 Witlioio
1027 4293 1118 4379 urbs,
1130 4298 1200 4381 jam
1215 4319 1283 4363 non
1298 4300 1402 4368 semel
1410 4294 1450 4365 'in
1465 4300 1531 4366 boc
1548 4297 1678 4367 Codice
1689 4297 1831 4376 laudata,
1848 4296 2082 4365 Stobnicensis
2098 4306 2151 4364 est
2162 4295 2324 4362 territorii
2338 4306 2373 4363 et

693 4377 854 4465 regionis,
870 4377 905 4442 iu
919 4378 1036 4463 Regno
1053 4378 1214 4446 moderno
1237 4383 1409 4452 Poloniae.

631 4518 634 4523 .
798 4462 842 4543 (1)
864 4462 1059 4547 Spicimirus
1074 4462 1141 4540 hic,
1156 4471 1339 4535 stemmatis
1367 4468 1504 4547 Leliwa,
1523 4466 1564 4533 de
1580 4487 1647 4550 quo
1662 4466 1755 4551 legas
1770 4464 1804 4530 in
1817 4464 1995 4552 privilegio
2022 4487 2051 4530 a
2070 4464 2154 4532 1350
2178 4463 2265 4529 infra
2278 4473 2315 4549 ty
2340 4463 2371 4530 is

694 4555 842 4624 exarato,
856 4544 1062 4643 hauddubie
1078 4547 1277 4616 castellanus
1295 4552 1519 4619 Wislieiensis
1534 4551 1596 4616 fuit
1610 4551 1706 4617 annis
1723 4551 1946 4617 1318—1319.
1969 4550 2089 4618 Series
2098 4549 2202 4638 igitur
2215 4484 2370 4615 castelle·
2436 4632 2442 4639 .

694 4640 812 4693 norum
830 4618 1094 4694 Wishciensium
1109 4651 1252 4714 sequens
1267 4635 1385 4702 iisdem
1401 4634 1608 4723 temporibus
1626 4636 1700 4699 suit:

604 4786 614 4797 ,
804 4709 844 4775 1⁰,
869 4712 1045 4778 elenando
1072 4712 1195 4800 legitur
1223 4738 1276 4801 ap.
1291 4718 1478 4795 Helcelium
1500 4740 1543 4802 ,,ο
1559 4718 1747 4786 klasztorze
1776 4715 2071 4802 Jedrzejowskim”
2102 4740 2178 4805 pag.
2192 4719 2232 4783 73
2247 4725 2281 4782 et
2297 4713 2372 4798 106,
2558 4692 2567 4701 ’

697 4790 757 4859 rub
773 4810 859 4857 suno
877 4794 960 4858 1306
974 4817 1065 4860 mese
1080 4796 1281 4881 Septembri.
2410 4830 2413 4835 «

801 4878 845 4942 2⁰.
870 4875 979 4944 Petne
994 4878 1193 4950 castellanus
1207 4884 1390 4955 Decembri
1408 4887 1491 4953 1316
1506 4885 1605 4954 etiem
1624 4906 1678 4971 ap.
1692 4883 1877 4953 Helcelium
1894 4885 1916 4950 l.
1932 4907 1962 4951 c.
1979 4906 2056 4972 pag·
2070 4885 2137 4951 73·
2165 4976 2168 4983 .
2225 4856 2227 4867 Ι
