5409 6309
1086 843 1371 952 -ldbj-

395 1043 642 1127 annuatim
630 1071 675 1126 m
694 1038 805 1128 festo
839 1042 958 1125 beati
992 1005 1174 1127 martini.
1210 1042 1399 1131 modium
1435 1038 1651 1152 Syliginis.
1689 1043 1877 1130 modium
1914 1074 2062 1134 auene
2132 1153 2135 1160 y

394 1161 502 1244 duas
532 1185 752 1244 mensuras
782 1160 909 1242 tritici
940 1169 983 1242 et
1013 1161 1119 1242 duas
1150 1159 1267 1241 ordei
1297 1159 1460 1244 soluere
1490 1159 1704 1244 tenebitur
1719 1169 1769 1246 et
1787 1191 1864 1270 per
1893 1162 2064 1251 colonos

212 1232 215 1238 Ι
265 1295 268 1298 ’
393 1299 494 1362 suos
513 1281 557 1360 in
579 1278 761 1361 ecclesia
780 1277 898 1362 beati
918 1277 1076 1389 Egidii.
1107 1276 1159 1360 In
1180 1273 1439 1358 Boldrioboao
1459 1285 1718 1382 presentare.
1750 1277 1840 1360 Et
1828 1307 1870 1360 ιιι
1893 1284 2064 1372 ciuitate

300 1405 302 1408 ’
392 1403 539 1478 nostra
558 1423 672 1477 nuno
699 1391 978 1498 Wlodrlrlouio
1005 1401 1268 1501 nuncupata.
1329 1392 1451 1475 Idem
1481 1391 1632 1476 Abbas
1655 1396 1814 1477 curiam
1835 1395 1981 1482 debet
1985 1400 2063 1481 ha·

325 1584 329 1593 .
393 1514 496 1597 bere
517 1511 572 1596 ab
594 1489 790 1597 omnibus
832 1512 1108 1597 seruitutibus
1137 1510 1314 1593 liberam
1345 1518 1390 1591 et
1419 1499 1661 1594 immunem
1723 1512 1782 1594 Et
1811 1537 1889 1598 nos
1918 1543 2064 1625 prore·
2181 1599 2207 1628 „J
2319 1579 2342 1606 ,ι

264 1635 277 1678 ²
392 1631 737 1737 compensatione
765 1630 1053 1741 predictarum
1086 1628 1275 1711 villarum
1308 1628 1444 1709 eidem
1476 1627 1624 1711 abbati
1646 1637 1698 1710 a‘c
1719 1635 1947 1714 conuentui
1965 1660 2064 1742 pre·

232 1743 239 1762 ¹
273 1849 278 1858 Δ
369 1745 495 1829 'dicti
525 1748 769 1832 monasterii
799 1748 930 1831 nostri
963 1748 1014 1827 de
1048 1741 1231 1853 Snleyoro
1251 1723 1372 1828 villas
1394 1753 1562 1829 nostras
1585 1754 1680 1828 c‘um
1703 1748 1791 1830 suis
1813 1748 2063 1834 attinenciis:
2178 1761 2184 1777 ’

392 1864 555 1946 scilicet
575 1862 862 1974 Borpaicbalco.
886 1860 1045 1972 Syroln.
1067 1861 1159 1973 Pijr
1177 1860 1381 1946 Sbadlow
1405 1873 1449 1945 et
1469 1863 1623 1947 villam.
1676 1863 1920 1978 Lunpouilrj
1934 1894 2065 1976 quam

294 2083 301 2092 ‚
391 1982 539 2064 tenuit.
511 1981 852 2066 tSuentoslaus
874 1980 961 2062 dict
944 1989 1013 2062 tus
1035 1977 1305 2064 Susthouicz
1357 1980 1468 2064 Item
1488 1979 1629 2065 villam
1650 1991 1850 2066 nostram
1904 1981 2063 2068 Lubene

386 2095 563 2212 prefatis
595 2098 817 2181 abbatit
710 2107 817 2182 tte
848 2099 1077 2182 conuentui
1108 2097 1301 2190 dedimus
1324 2106 1370 2178 et
1390 2098 1601 2208 assignari
1631 2096 1812 2181 fecimus
1833 2099 1889 2181 ab
1908 2089 2064 2185 eodem

391 2217 550 2301 abbate
574 2225 616 2298 et
635 2226 850 2300 conuentu
879 2224 1084 2323 perpetuo
1106 2214 1402 2322 possidendas.
1427 2226 1471 2297 et
1491 2215 1718 2298 ineisdem
1738 2216 1844 2302 villis
1865 2213 1960 2300 dus
1969 2217 2063 2301 the·

383 2335 618 2418 'wtonicum
647 2332 949 2443 prenominatis
980 2331 1130 2415 abbati
1161 2341 1203 2412 et
1227 2337 1475 2416 conuentui.
1525 2327 1690 2416 Damus
1713 2344 1761 2417 et
1786 2334 2062 2418 concedimus

388 2452 540 2564 quod
529 2482 573 2533 ιιι
595 2450 841 2559 Syradiensi
861 2451 1033 2578 ciuitate
1054 2454 1200 2532 nostra
1221 2457 1265 2531 et
1283 2449 1374 2531 aliis
1405 2451 1652 2543 ciuitatibus
1683 2439 1837 2536 nostris
1868 2450 2066 2536 obtinent
2160 2515 2166 2527 .

391 2580 435 2652 et
453 2597 531 2677 per
551 2568 692 2651 omnia
705 2570 825 2660 omni
838 2561 924 2677 jun
912 2567 1087 2704 quod
1075 2596 1119 2648 m
1136 2567 1296 2650 eisdem
1317 2567 1424 2650 villis
1446 2567 1655 2651 hactenus
1676 2568 1903 2662 habuimus
1924 2570 2063 2652 eidem
2177 2635 2179 2639 a

346 2729 350 2738 ·
390 2688 539 2771 abbati
560 2696 603 2768 et
624 2684 854 2771 conuentui
871 2687 1141 2794 resignamus
1172 2687 1234 2767 ita
1255 2686 1404 2794 quod
1392 2715 1436 2767 m
1457 2697 1712 2796 perpetuum
1744 2689 1881 2771 coloni
1912 2715 2065 2770 earun-

389 2803 486 2892 dem
515 2805 707 2895 villarum
737 2804 901 2886 nullum
926 2803 1105 2886 Nurumb
1136 2803 1314 2887 soluent.
1347 2803 1505 2885 nullum
1531 2804 1666 2939 pouod
1703 2805 1863 2885 ducent
1896 2832 1984 2886 ιιοιι
2005 2806 2061 2891 ab

347 2974 358 2997 ·
390 2922 533 3032 aliquo
563 2923 768 3028 recipient
795 2947 882 3003 non
912 2922 968 3002 ad
999 2920 1185 3028 aliquam
1218 2920 1531 3025 expeditionem
1561 2922 1639 3002 nisi
1677 2947 1774 3000 cum
1796 2948 1903 3030 gens
1922 2912 2063 3006 aliena

387 3038 594 3123 hostiliter
612 3039 788 3122 intrabit
806 3047 961 3119 terram
988 3047 1176 3118 nostram
1197 3037 1254 3116 ire
1276 3036 1546 3118 tenebuntur
1570 3044 1614 3118 et
1632 3036 1735 3118 nulli
1755 3038 1960 3119 seruituti.
1984 3065 2062 3121 seu
2149 3043 2152 3052 ’

388 3157 598 3239 exactioni
627 3153 878 3264 subjaceant
895 3180 1167 3271 quocunque
1198 3154 1371 3251 nomine
1402 3163 1655 3235 censeantur
1687 3180 1801 3237 non
1796 3153 1860 3234 ad
1882 3154 2058 3238 alieuius

387 3274 650 3358 audientiam
685 3185 950 3355 cittabuntur
985 3272 1064 3352 nisi
1100 3297 1242 3352 coram
1279 3270 1439 3362 abbate
1475 3272 1563 3354 solo
1585 3270 1655 3353 uel
1675 3270 1893 3355 Scoltheto
1931 3299 2059 3382 quem

323 3411 331 3430 ‘
387 3389 525 3474 abbas
557 3391 744 3472 duxerit
758 3387 1093 3474 statuendum
1053 3388 1268 3470 u1s1idem
1289 3388 1426 3472 abbas
1447 3388 1518 3471 uel
1539 3388 1656 3474 Scclt
1656 3389 1781 3478 hetus
1803 3390 2060 3500 querelanti-

338 3513 341 3520 ’
386 3508 468 3594 bus
503 3503 714 3590 noluerint
747 3508 818 3591 uel
853 3507 1185 3613 contempserint
1168 3508 1398 3589 t-reddere
1432 3508 1592 3590 iustitie
1629 3507 1984 3644 complementum
2015 3517 2060 3590 et

282 3709 287 3724 ,
384 3635 530 3709 tunc
522 3653 665 3711 coram
694 3627 820 3711 nobis
853 3634 910 3710 cat
879 3622 1094 3708 tabuntur
1125 3651 1223 3708 cum
1252 3625 1319 3708 litt
1303 3635 1392 3708 tera
1422 3636 1569 3710 nostro
1606 3625 1758 3735 sigillo
1766 3624 1980 3735 sigillata
1967 3653 2059 3709 rure

266 3771 269 3778 ⁴
386 3744 639 3829 theutonico
659 3744 888 3828 iudicandi.
920 3743 1100 3854 Insuper
1129 3743 1344 3849 predictas
1366 3744 1486 3828 villas
1506 3743 1651 3827 vitinie
1675 3742 1728 3825 de
1751 3741 1933 3852 &depost
1957 3770 2059 3826 cou-

295 3941 303 3948 .
383 3862 597 3973 iungimus
618 3864 661 3943 in
683 3864 796 3946 omni
827 3859 1035 3949 solutione
1068 3857 1207 3942 ducali
1242 3861 1313 3943 uel
1351 3861 1510 3946 labore
1571 3852 1629 3943 Et
1647 3870 1696 3943 ιτ
1715 3861 1909 3971 predicta
1940 3888 2057 3944 com·

384 3984 560 4065 mutatio
594 4008 619 4061 a
641 3977 958 4063 successoribus
980 3976 1132 4059 nostris
1153 3978 1419 4116 inuyolabilis
1449 3988 1699 4119 permaneat
1719 3988 1957 4091 presentem
1979 4003 2069 4085 pa·

323 4100 326 4106 ’
365 4097 532 4206 ,ginam
554 4097 765 4180 conscribi
785 4096 962 4180 fecimus
986 4102 1028 4175 et
1047 4094 1212 4204 sigilli
1192 4107 1288 4180 nost
1289 4098 1337 4179 ri.
1353 4099 1583 4181 munimine
1612 4097 1817 4181 roborari.
1847 4095 2057 4208 presenti·

383 4213 465 4297 bus
486 4212 565 4323 hijs
585 4213 777 4298 testibus.
830 4213 994 4298 Comite
1018 4212 1192 4296 Sauissa
1211 4215 1412 4322 palatino.
1472 4215 1656 4298 Domino
1677 4213 1864 4298 Fulcone
1886 4209 2056 4294 cancel·

381 4331 500 4414 lario.
562 4331 729 4417 Comite
751 4332 956 4442 Sbygneo
978 4330 1207 4413 castellano
1251 4330 1593 4440 Syradiensibus.
1642 4331 1820 4416 Comite.
1848 4329 2054 4442 ‘dohanne
2140 4415 2145 4430 ,
2249 4318 2262 4342 ⁰

384 4448 613 4534 castellano
652 4449 966 4558 Spieimiriensi.
1021 4446 1186 4533 Oomite
1206 4451 1405 4535 Mstissio.
1452 4449 1609 4532 dudice
1631 4447 1897 4558 Wylchelmo
1920 4446 2054 4532 aduo-

384 4576 494 4652 cato.
529 4566 878 4676 Syradiensibus.·
922 4565 1078 4649 Actum
1100 4595 1224 4652 anno.
1247 4568 1419 4651 Domini
1439 4566 1561 4652 MOO
1582 4568 1861 4679 nonagesimo
1883 4561 2073 4651 octauo.¹
2140 4591 2144 4596 ·

320 4777 326 4786 ,
382 4685 543 4770 Datum
565 4683 694 4793 Syros
710 4682 779 4800 (⁵).
840 4684 892 4766 In
914 4683 1126 4767 dominica
1148 4715 1237 4797 qua
1257 4687 1424 4770 canitur
1443 4684 1599 4768 Letare
1616 4686 1858 4769 ihrusalem.

486 4921 530 5000 (ὅ)
552 4916 694 4994 Siradia,
711 4915 850 5000 Sinoria,
867 4913 944 4982 olim
959 4911 1169 5001 palatinatus,
1185 4938 1273 4982 nuno
1287 4915 1448 4983 territorii
1463 4922 1497 4982 ct
1512 4913 1660 5013 regionis
1677 4923 1798 5001 caput.x
