5409 6309
1186 770 1623 889 ‘des-

536 1004 541 1017 ,
650 1025 731 1107 uis.
748 1017 1012 1108 tamenne.
1034 1012 1277 1119 Russiequo
1299 1010 1495 1093 dominns
1516 1009 1717 1097 otherus.
1764 1006 1942 1091 Tenere
1961 1010 2227 1117 presencium
2248 1014 2327 1094 uo'-
2433 1002 2438 1007 ’

445 1128 447 1133 ’
525 1226 528 1231 ,
650 1132 741 1226 tum
771 1139 949 1221 aalma
982 1129 1142 1240 quibus·
1170 1129 1344 1247 expedit
1362 1129 1581 1211 ¹uniuersis
1601 1139 1691 1209 tam
1711 1120 2137 1235 presentibusquum
2157 1118 2330 1212 murm
2459 1170 2466 1183 ·

651 1257 780 1359 Quod
800 1240 856 1339 ad
876 1261 1065 1337 nostram
1088 1257 1132 1329 et
1150 1246 1365 1331 Beronum
1385 1255 1624 1330 nostrorum
1640 1245 2205 1354 -aeoedenraspreseuciam.
2241 1246 2324 1349 cla-⁴

648 1376 816 1458 nossius
838 1374 976 1455 dietus
1001 1366 1163 1450 Marsa.
1186 1362 1431 1448 Vncsslaus.
1454 1364 1636 1447 Thema.
1657 1361 1757 1445 Jan.
1776 1390 1872 1444 cnm
1890 1360 2122 1449 Clemente.
2140 1390 2325 1459 neonem:

653 1492 855 1580 Stoohna.
878 1486 1123 1574 Catherina.
1145 1480 1412 1594 Magdalen'a
1433 1482 1477 1566 et
1498 1482 1705 1565 Thomna.
1729 1480 1907 1564 heredes
1929 1482 1986 1564 dc·
2006 1478 2253 1567 Cressam.
2267 1480 2327 1595 (⁹)

544 1601 555 1615 ’
651 1596 749 1696 sani
763 1618 907 1694 mente
931 1614 974 1686 et
994 1603 1441 1711 corporeexistentes.
1473 1628 1559 1684 nou
1591 1598 1899 1708 compulsinec
1921 1605 2066 1684 coacti·
2081 1630 2224 1713 neque
2246 1598 2326 1685 ali·

653 1758 739 1841 quo
764 1730 859 1814 dolo
880 1720 1172 1825 circumuenti,
1203 1722 1539 1828 sedspontanea
1574 1718 1792 1807 voluntate
1812 1727 1856 1799 et
1877 1718 1991 1802 bona
2012 1719 2324 1805 deliberacione

651 1849 715 1931 sui
737 1847 866 1930 enirm
884 1839 1122 1953 prehabito.
1168 1838 1332 1925 ,Totam
1356 1847 1521 1944 partem
1542 1864 1618 1919 suo
1641 1836 1887 1919 hereditatis
1907 1838 2065 1923 ibidem
2085 1839 2129 1927 in
2152 1834 2321 1921 Cranen

649 1964 733 2047 oica
754 1992 884 2077 quam
906 1957 1227 2044 exsucoessione
1244 1955 1343 2069 (sio)
1360 1983 1532 2040 snorum
1550 1956 1985 2065 parentum‚legitime
2006 1967 2214 2069 tanquam
2234 1958 2323 2040 veri
2479 2014 2483 2019 ‚

649 2086 828 2179 heredes
868 2077 1232 2192 possidebantur
1261 2077 1427 2184 integro
1459 2102 1557 2159 cum
1589 2075 1700 2156 omni
1731 2072 1838 2157 Jure
1859 2102 1911 2157 ao
1934 2068 2118 2159 dominio
2155 2096 2325 2159 neonou

652 2201 848 2288 ominbus
871 2207 914 2280 et
934 2196 1110 2306 singulis
1146 2194 1400 2278 vtilitatibus
1436 2184 1646 2276 fructibus
1670 2201 1712 2273 et
1731 2195 2001 2301 pertinenciis
2038 2196 2249 2279 uniuersis
2264 2188 2322 2277 ad

547 2384 550 2391 .
650 2324 786 2430 ipsam
807 2328 973 2426 partem
994 2313 1244 2396 hereditatis
1265 2313 1309 2393 in
1330 2319 1506 2395 terra‘et
1528 2338 1645 2421 aqua
1676 2311 1998 2417 quomodolibet
2026 2315 2324 2421 spectantibus
2375 2325 2380 2333 '

650 2449 777 2549 prout
798 2437 914 2519 diota
933 2460 1033 2542 pars
1053 2435 1096 2514 in
1119 2433 1205 2514 suis
1226 2430 1413 2512 terminis
1436 2432 1527 2514 siue
1548 2430 1741 2537 insigniis
1772 2434 1960 2516 noscitur
1995 2457 2089 2512 esse
2112 2432 2323 2535 distincta,

625 2586 632 2599 ’
652 2567 695 2642 et
714 2563 842 2667 prout
863 2551 1048 2635 eandem
1061 2551 1148 2631 suis
1171 2546 1431 2655 temporibus
1456 2548 1535 2631 soli
1556 2546 1772 2653 tenebant,
1809 2550 1914 2631 nihil
1935 2549 2034 2630 iuris
2057 2549 2127 2631 vel
2151 2549 2322 2634 dominii
2411 2584 2416 2591 ·

652 2702 818 2761 exnunc
839 2673 882 2753 in
902 2668 1050 2752 eadem
1085 2678 1208 2778 parte
1243 2664 1490 2751 hereditatis
1512 2692 1588 2775 pro
1602 2655 1664 2747 'se
1679 2667 1747 2751 vel
1762 2670 1857 2752 suis
1890 2666 2115 2778 quibusuis
2152 2671 2323 2778 propin-

654 2794 750 2903 quis
784 2793 954 2901 penitus
989 2785 1260 2868 reseruando.
1312 2783 1454 2866 Nobili
1475 2812 1527 2866 ac
1548 2791 1721 2869 strenuo
1757 2788 1877 2869 militi
1911 2784 2079 2869 domino
2115 2786 2321 2897 Raphacli
2475 2858 2483 2863 .

557 2988 560 2995 Δ
653 2908 977 2999 Suboamerario
1016 2901 1350 2988 Sandomiriensi
1375 2911 1418 2985 et
1439 2904 1530 2986 cius
1551 2904 1731 3011 posteris
1751 2912 1829 3013 pio
1852 2903 2072 2987 Trecentis
2109 2909 2322 3015 quinqua7
2402 2978 2407 2991 .

653 3030 773 3139 ginta
792 3026 948 3131 mareis
975 3049 1221 3136 grossorum
1240 3025 1516 3132 pragensium
1536 3022 1701 3103 numeri
1720 3014 1972 3131 polonicalis
1994 3021 2178 3106 XLVIII
2202 3052 2325 3133 gros-

651 3171 720 3230 sos
742 3166 818 3254 pro
842 3141 1037 3255 qualibet
1071 3168 1218 3222 maroa
1254 3140 1547 3255 computando
1580 3139 1863 3224 vendiderunt
1891 3152 2097 3250 perpetuo
2131 3141 2324 3259 etlibere

650 3264 991 3371 resignaueruut.
1025 3287 1170 3344 eoram
1199 3266 1347 3343 nostra
1377 3260 1499 3371 regia
1517 3259 1743 3341 maiestate
1763 3269 1893 3368 prout
1912 3262 2104 3370 superius
2127 3260 2238 3347 clare
2256 3273 2326 3346 est
2444 3268 2448 3276 “
2503 3272 2508 3279 ’

651 3406 909 3489 expressum.
934 3434 936 3441 J
972 3377 1053 3461 Alii
1074 3384 1217 3460 autem
1238 3374 1417 3491 heredes
1437 3376 1595 3471 ibidem
1620 3376 1672 3457 de
1693 3373 1929 3460 Crziaaoor'oz
1950 3406 2130 3491 quorum
2153 3384 2324 3465 nomina

651 3497 935 3582 subsecuntur
955 3497 998 3577 in
1020 3492 1223 3578 absencia
1242 3504 1386 3579 nostre
1407 3496 1642 3578 maiestatis
1664 3505 1829 3605 partem
1850 3524 1972 3579 suam
1992 3496 2183 3582 eiusdem
2204 3498 2324 3605 here-

422 3670 424 3677 ·
494 3695 499 3705 ,
654 3617 797 3699 ditatis
819 3617 862 3697 in
888 3610 1125 3699 Crrr'ssouioz
1162 3615 1382 3723 exintegro
1419 3641 1562 3697 coram
1600 3613 1767 3697 domino
1803 3611 2030 3709 Bodzatha
2050 3628 2323 3725 procuratore

652 3745 797 3817 nostro
820 3731 1011 3841 generali
1033 3759 1133 3815 eum
1172 3728 1370 3847 omnibus
1403 3739 1447 3839 et
1475 3732 1652 3841 singulis
1695 3730 1946 3815 vtilitatibus
1978 3764 2030 3816 ac
2051 3736 2322 3843 pertinenciis
2376 3792 2382 3803 ·
2501 3764 2506 3772 ·

498 3932 503 3940 .
650 3852 861 3937 uniuersis
881 3858 1008 3956 prout
1027 3850 1070 3929 in
1091 3847 1241 3953 litteris
1263 3850 1395 3959 ipsius
1416 3849 1589 3931 domini
1611 3852 1895 3961 procuratoris
1927 3878 2054 3963 super
2074 3852 2156 3935 hoc
2177 3853 2347 3938 scafe·
2382 3904 2387 3913 ·

653 3970 734 4052 otis
756 3976 799 4051 et
818 3977 923 4050 tune
946 3993 1089 4049 eoram
1127 3963 1250 4081 nobis
1278 3967 1464 4075 ostensis
1494 3966 1658 4079 plenius
1680 3970 1933 4079 continetur.
1955 4068 1962 4079 Ι
1985 3970 2197 4054 Videlicet·
2214 3971 2323 4057 Ros·

652 4086 779 4170 slaus.
801 4082 963 4187 Adam,
983 4082 1155 4167 filiaster
1176 4084 1399 4195 Heyirriej‚
1429 4084 1706 4202 Praibislaua.
1730 4084 1942 4197 Wychna.
1965 4099 2009 4173 et
2029 4089 2217 4174 Oristina
2235 4089 2324 4174 filie

542 4249 548 4260 ·
651 4205 870 4309 Stasoouis
892 4202 992 4299 olim
1014 4203 1121 4321 dieti
1138 4199 1321 4319 Labaka(
1342 4202 1514 4315 Golueh
1530 4203 1600 4318 (l),
1617 4204 1817 4301 Libertus
1840 4203 1991 4309 fratres
2006 4211 2205 4321 <germani
2226 4209 2323 4319 olins

651 4320 959 4423 Clementis.et
980 4318 1165 4427 Machna
1184 4320 1270 4407 filia
1292 4322 1394 4425 olion
1415 4316 1647 4432 Smylonis,
1687 4324 1795 4425 Item
1810 4320 2014 4427 xlilaehna
2044 4316 2256 4436 Smylonis
2280 4339 2324 4410 et

649 4443 851 4527 Nicolaus
894 4439 1114 4525 Priboonis
1157 4439 1405 4527 Gothardus
1427 4450 1471 4522 et
1492 4442 1734 4550 Heynricus
1770 4442 1920 4525 fratres
1958 4442 2162 4554 genuani.
2213 4444 2322 4528 Item
2542 4530 2547 4537 ,

649 4558 854 4644 Nicolaus
877 4569 922 4641 et
943 4558 1237 4663 Suautoslaus,
1258 4588 1425 4648 necnon
1446 4559 1663 4647 Oresthea
1682 4562 1780 4645 olim
1799 4561 2031 4647 Clementis
2049 4562 2151 4647 dicti
2166 4560 2317 4644 Wrobl.
2341 4640 2345 4647 ,
2431 4636 2436 4643 .

756 4842 795 4922 (²)
818 4841 1040 4911 Venditiones
1054 4845 1190 4912 aliarum
1204 4841 1346 4934 partium
1361 4849 1458 4916 villae
1476 4852 1686 4937 Krzyerowico
1698 4850 1802 4919 bobes
1817 4850 1926 4919 lector
1941 4849 2115 4934 benevole,
2124 4852 2192 4935 jam
2208 4872 2317 4938 supra
2407 4902 2411 4909 .

651 4924 998 5001 consecramus
1019 4932 1190 5014 isar—a).
1497 4964 1501 4977 ·
1861 4976 1867 4983 .
