5409 6309
1120 791 1346 863 ..5-

400 997 443 1080 vi
465 1004 509 1078 et
526 991 652 1077 Beati
673 987 704 1073 J
707 1017 856 1074 oanms
867 987 1120 1098 Baptistae
1110 1017 1153 1069 m
1175 986 1317 1099 aliquo
1338 989 2067 1099 praenommatorumlocorum‚1am

401 1113 561 1196 dudum
580 1139 649 1194 me
670 1117 1010 1194 constructurum
1032 1108 1303 1211 devoveram,
1335 1106 1455 1216 quod
1474 1118 1618 1217 tamen
1649 1111 1909 1195 vanitatibus
1941 1113 2066 1196 buius
2123 1171 2129 1179 -
2261 1194 2268 1218 ,

399 1230 559 1316 soeculi
580 1231 776 1332 detentus
799 1225 900 1307 dum
919 1223 1062 1307 facere
1082 1225 1216 1333 potui,
1235 1233 1443 1340 peccator
1475 1251 1560 1308 non
1590 1223 1686 1330 feci,
1717 1230 1773 1311 ad
1805 1231 1887 1313 hoo
1918 1239 2068 1316 votum
2219 1271 2224 1282 =

403 1325 717 1457 complendum,
749 1344 863 1426 addo
887 1343 1090 1427 Castores
1113 1344 1164 1425 de
1188 1331 1387 1453 Metopost
1405 1351 1448 1424 et
1469 1343 1522 1424 de
1541 1340 1725 1456 Kire(³.)
1767 1346 1848 1430 His
1870 1347 2066 1434 omnibus

278 1547 282 1558 „
401 1469 529 1549 etiam
550 1464 663 1547 a'ddo
684 1461 741 1543 ad
760 1460 1073 1544 inserviendum
1093 1458 1274 1568 praefati
1295 1459 1532 1568 Hospitalis
1552 1463 1733 1543 rusticos
1764 1465 1838 1575 qui
1869 1465 2066 1575 aliquan·
2119 1549 2123 1556 ,

405 1584 467 1668 do
482 1583 631 1665 decem
653 1580 803 1662 erant
791 1608 836 1660 m
859 1573 1030 1660 Otroia
1054 1573 1121 1691 (⁸³)
1152 1602 1262 1689 quos
1297 1573 1428 1659 frater
1448 1601 1567 1660 meus
1603 1577 1705 1660 Dux
1738 1577 1958 1688 Boleslaus
1990 1584 2066 1672 ali·

398 1701 572 1811 quando
593 1697 910 1781 transmiserat
898 1726 943 1777 m
965 1694 1199 1799 Ouiaviam;
1221 1695 1299 1776 sed
1320 1696 1494 1779 eosdem
1516 1697 1747 1803 et1am1ps0
1765 1700 2064 1786 concedendos
2199 1719 2203 1732 ·

401 1821 446 1900 in
473 1817 738 1927 praedictam
759 1813 905 1925 Zaqost
929 1814 1104 1917 reduxi
1134 1812 1293 1896 ibidem
1323 1822 1541 1923 perpetuo
1562 1841 1843 1920 remansuros,
1884 1844 2066 1928 quorum
2180 1857 2181 1862 ι
2332 1859 2338 1870 ·

398 1936 506 2018 haee
526 1948 626 2018 sunt
645 1934 828 2018 nomina.
870 1929 953 2013 Sur
985 1939 1029 2013 et
1056 1928 1186 2013 frater
1222 1933 1311 2012 eius
1346 1927 1529 2035 Vuoian,
1559 1931 1739 2036 Minslin,
1775 1933 1935 2036 Cuoek‚
1967 1962 2065 2019 eum
2139 1974 2142 1984 ,

397 2053 528 2135 fratre
546 2054 718 2136 nomine
738 2048 896 2150 Zavvid,
917 2047 1214 2159 Dobrotyeeh,
1235 2047 1469 2152 Sanobom,
1492 2048 1668 2154 Suurea,
1690 1992 1870 2155 Gblissa,
1890 2050 2066 2137 Bambi-

347 2187 350 2198 ’
399 2199 464 2266 ea
496 2169 664 2278 Adijcio
685 2194 860 2278 quoque
880 2166 972 2248 istis
995 2168 1191 2253 omnibus
1213 2165 1397 2254 urtrfioes
1410 2194 1530 2252 meos
1540 2196 1585 2249 m
1595 2167 1789 2275 praefata
1800 2168 1948 2281 Zoyost
1960 2197 2065 2255 eon·

398 2288 609 2389 sistentes,
630 2314 813 2398 quorum
832 2285 941 2366 haec
962 2295 1062 2367 sunt
1081 2286 1255 2369 nomina
1274 2281 1439 2366 Bliszus
1461 2295 1504 2367 et
1522 2283 1653 2369 frater
1667 2288 1756 2369 eiu's
1771 2285 1955 2391 Scarbia
1975 2286 2065 2372 Ra·

400 2405 485 2490 don
509 2416 553 2488 et
573 2404 781 2488 Sulinlew
812 2401 907 2486 Hos
928 2424 1075 2486 omnes
1106 2401 1454 2514 praenominatos
1485 2431 1598 2486 eum
1613 2406 1863 2514 supradicta
1892 2431 2064 2514 posses·

404 2526 522 2611 sione
546 2524 600 2607 do
620 2521 842 2631 praedicto
872 2519 1087 2629 Hospitali
1116 2520 1507 2624 Hierosolimitano‚
1539 2550 1637 2605 eum
1670 2523 1784 2608 omni
1814 2523 2065 2631 posteritate

302 2638 305 2644 ’
397 2665 488 2745 sua,
516 2641 560 2722 in
580 2638 865 2749 perpetuum
846 2666 943 2746 Jure
964 2640 1247 2723 haereditario
1277 2638 1410 2722 libere
1424 2629 1721 2748 possidendos
1752 2641 1813 2722 ita
1843 2639 1986 2726 tamen
2016 2651 2066 2722 ut

398 2760 634 2867 praetexati
656 2756 915 2860 officiales,
902 2785 947 2838 m
977 2759 1064 2841 suis
1087 2758 1237 2843 officiis
1257 2759 1458 2841 seruiant
1495 2755 1723 2842 Cbrobrr'om
1743 2784 1846 2843 vero
1869 2767 1913 2841 et
1931 2757 2065 2841 artifi-
2163 2823 2165 2826 -

395 2875 1288 2987 oesmoreliberorumhospitumnunquam
1298 2876 2066 2985 tamenapraedietapossessionere·

396 2994 571 3076 oessuri
606 2993 667 3075 Ut
686 2999 831 3076 autem
848 2993 956 3073 haee
976 3021 1074 3074 mea
1093 2994 1263 3102 largitio
1295 2994 1542 3099 saepedicto
1574 2990 1860 3128 HospitaliS3
1880 2991 2062 3075 Joannis

316 3120 319 3124 ’
395 3113 440 3193 in
459 3117 714 3220 perpetuum
733 3111 856 3192 firma
878 3116 922 3190 et
939 3087 1101 3190 illibata
1128 3116 1381 3218 permaneat
1413 3107 1549 3218 Sigilli
1569 3110 1652 3190 mei
1669 3108 1946 3214 impressione
1969 3137 2064 3191 eam

395 3226 625 3314 corroboro
650 3233 692 3305 et
713 3222 931 3311 confirmo
971 3224 1181 3310 Dominos
1211 3253 1313 3310 vero
1345 3251 1465 3308 meos
1500 3223 1652 3308 fratres
1684 3222 1845 3312 scilieet
1875 3225 2062 3332 seniores

393 3342 635 3428 Boleslaum
660 3351 792 3453 atque
807 3340 1054 3432 Mesconem
1069 3344 1180 3424 sieut
1194 3350 1237 3424 et
1252 3341 1423 3426 fratrem
1432 3371 1575 3427 meum
1584 3341 1797 3450 juniorem
1808 3323 2065 3427 (lasiniirum

397 3488 627 3571 eorumque
639 3469 776 3543 totam
790 3460 1462 3570 posteritatemsuppliciterrogo
1480 3471 1524 3543 et
1540 3460 1735 3544 obnixius
1751 3457 1931 3544 obsecro
1954 3487 2062 3570 qua·
2184 3551 2188 3556 ,

303 3677 306 3684 1
394 3589 517 3661 tenus
552 3579 732 3666 eandem
763 3577 1051 3661 Elemosinam
1083 3605 1224 3660 meam
1256 3605 1388 3686 saepe
1419 3586 1653 3665 memorato
1684 3576 1899 3687 Hospitali
1932 3604 2063 3688 eausa

395 3697 482 3780 Dei
498 3695 553 3781 ob
569 3696 863 3782 remissionem
888 3706 1165 3802 peccatorum
1196 3722 1370 3782 suorum
1384 3696 1427 3777 in
1443 3724 1498 3778 ea
1510 3695 1705 3779 libertate
1733 3723 1822 3805 qua
1858 3722 1951 3777 eam
1967 3689 2058 3778 'tra-

395 3816 466 3918 do,
484 3815 690 3896 studeant
710 3839 978 3915 conseruare,
999 3842 1055 3896 ne
1074 3812 1277 3897 videlieet
1295 3812 1405 3896 infra
1423 3814 1627 3898 terminos
1661 3838 1771 3924 quos
1802 3811 1961 3897 ibidem
1991 3839 2059 3894 me

349 4019 358 4028 ,
392 3933 567 4016 iubente
602 3933 746 4040 posuit
774 3931 925 4014 Petrus
956 3927 1210 4015 Bozenowiz
1243 3930 1396 4044 aliquis
1428 3933 1662 4047 quiequam
1701 3931 1878 4012 iniuriae
1907 3926 2060 4011 inferre

395 4062 528 4164 queat
564 4060 606 4131 et
627 4049 817 4131 eiusdem
846 4047 1029 4158 praefati
1057 4049 1141 4134 looi
1171 4049 1364 4133 homines
1394 4049 1496 4134 nulli
1525 4041 1804 4133 iurisdictioni
1832 4046 2061 4133 Polonieae

394 4167 657 4270 subiaceant,
684 4176 863 4276 excepto
885 4168 1056 4292 servitio
1079 4195 1166 4280 quo
1175 4166 1387 4252 fratribus
1409 4165 1643 4276 Hospitalis
1662 4164 1933 4249 tenebuntur
1975 4164 2085 4266 Ta,
2183 4191 2192 4203 ·

396 4283 593 4369 bernario
622 4287 752 4367 etiam
774 4277 917 4394 quem
923 4284 967 4365 in
991 4282 1148 4369 teclae
1162 4285 1459 4394 ordinaverint,
1490 4282 1672 4367 nullus
1659 4283 1853 4366 miuriam
1875 4283 2061 4392 aliquam

393 4401 731 4512 velangariam
713 4401 865 4483 inferre
880 4413 1136 4537 praesumat.
1155 4399 1412 4514 Quicunque
1429 4413 1572 4485 autem
1588 4401 1748 4512 aliquid
1764 4401 1914 4488 horum
1930 4395 2064 4483 viola·

395 4548 442 4604 re
462 4550 487 4604 a
489 4522 716 4602 tentaverit
740 4517 1059 4601 Anathemat
1005 4529 1059 4599 s1t
1062 4582 1071 4601 .
1094 4519 1246 4602 Amen.
1267 4518 1421 4602 Amen.
1442 4517 1593 4602 Amen.

413 4737 417 4744 ⁴
495 4755 538 4832 (⁵)
560 4751 765 4838 Maloyoszrz,
780 4747 880 4814 hodie
897 4748 1053 4834 oppidum
1069 4751 1104 4815 in
1120 4750 1257 4835 regione
1273 4749 1455 4846 Kieloensi,
1472 4750 1560 4835 Kree,
1576 4750 1617 4817 de
1634 4750 1722 4835 quali
1743 4749 1898 4825 villahuo
1921 4748 2062 4814 mentio?

312 4901 317 4906 .
391 4835 568 4904 nescimus.

362 4953 378 4990 χ
494 4923 538 5004 (⁶)
561 4918 691 4987 Chrober
706 4941 794 4984 nuno
811 4918 957 4986 onerem
970 4919 1050 4984 ville
1062 4917 1276 5016 paroehialis,
1291 4917 1442 5007 regionis
1458 4917 1762 5016 Sakalbmiriensis.
