5409 6309
1022 799 1316 898 ’-οτ-

330 1013 508 1114 ¹debent
527 1021 733 1137 scripture
753 1023 1010 1108 testimonio.
1042 1032 1309 1133 posterorum
1327 1023 1488 1109 n'oticie
1502 1026 1801 1144 commendarj.
1833 1030 2017 1120 Proinde
2095 1039 2098 1042 ’
2128 1034 2130 1042 ’

348 1172 426 1230 uos
446 1141 666 1232 Prandota
687 1145 756 1228 dei
777 1143 926 1256 gracia
946 1139 1242 1228 Cracoui'ensis
1261 1135 1504 1253 Episcopus
1534 1153 1683 1227 notum
1717 1144 1897 1231 facimus
1917 1178 2017 1259 pre·

348 1265 539 1348 sentibus
562 1275 605 1345 et
623 1263 791 1346 firturis.
820 1262 940 1373 quod
959 1255 1169 1354 Dominus
1190 1259 1401 1345 Wisslous
1422 1261 1490 1371 pie
1510 1262 1816 1350 recordationis
1836 1265 2017 1374 Episco-

325 1399 428 1491 pus
444 1390 589 1467 noster
608 1377 896 1493 predecessor.
921 1407 1019 1488 cum
1042 1379 1264 1462 ecclesiam
1299 1378 1545 1461 instarentelt
1581 1382 1642 1494 (in
1664 1379 1918 1490 Stanantek)
1943 1383 2017 1466 ds-

348 1501 550 1588 dicasset
569 1497 858 1611 presentibus
877 1496 1001 1583 nobis
1039 1505 1082 1578 et
1112 1498 1205 1581 aliis
1241 1496 1373 1609 quam
1407 1496 1609 1608 plurimis.
1643 1499 1855 1582 decimam
1876 1501 2015 1586 eidem

348 1618 525 1700 ecclesie
546 1617 735 1701 contulit.
772 1617 1032 1728 ubicumque
1067 1615 1199 1721 ipsius
1231 1617 1475 1725 monasterij
1507 1626 1741 1700 conuentus
1765 1620 1949 1728 eligeret.
1971 1623 2016 1704 in

318 1753 324 1761 ’
346 1761 433 1817 una
453 1736 552 1819 uilla
574 1734 626 1818 de
647 1734 826 1844 propriis
848 1727 1168 1836 hereditatibus,
1192 1763 1322 1846 quam
1346 1733 1619 1819 donationem
1637 1761 1716 1819 nos
1736 1746 1837 1845 post
1868 1736 2014 1819 deces—
2093 1839 2101 1854 .

346 1870 441 1935 sum
462 1855 594 1963 ipsius
616 1854 971 1938 confirmauimus.
997 1853 1268 1936 consciencie
1288 1855 1423 1963 ipsius
1445 1864 1489 1936 et
1508 1863 1652 1944 nostre
1687 1854 2013 1945 satisfacientes,

235 1987 243 1998 “
348 1971 566 2055 donantes.
591 1982 634 2053 et
652 1980 859 2082 perpetuo
882 1969 1182 2053 confirmantes
1205 1973 1257 2053 de
1280 1999 1491 2057 consensu
1512 1980 1555 2053 et
1574 1971 1690 2056 bona
1709 1972 1928 2057 volun-tate
1948 1984 2014 2056 to-

347 2089 438 2171 cius
459 2090 590 2198 nostrj
628 2090 815 2200 Capituli
836 2088 1147 2173 Craconiensis.
1180 2092 1424 2206 supradicte
1445 2091 1624 2172 ecclesie
1662 2089 1912 2173 destunontclc
1944 2092 2015 2205 (de
2072 2169 2075 2174 ,

347 2199 606 2318 Starrantek)
627 2208 851 2292 Decimam
887 2209 929 2287 in
960 2207 1059 2290 uilla
1087 2207 1220 2314 ipsius
1251 2210 1428 2302 ecclesie
1460 2209 1661 2318 Tropcsow
1684 2207 1738 2322 (2)
1761 2210 1885 2291 dicta.
1917 2220 2015 2316 per'·

337 2335 476 2434 petuo
496 2327 810 2435 possidendam.
843 2326 903 2408 Ut
923 2323 1065 2436 autem
1086 2326 1166 2406 hec
1187 2337 1333 2410 nostra
1364 2328 1549 2410 Donatio
1587 2334 1630 2409 et
1650 2323 1921 2413 confirmacio
1943 2329 2016 2409 fir-

345 2472 417 2527 ms
436 2435 749 2528 etincoricussa
767 2454 1033 2555 permaneat.
1049 2472 1227 2553 presens
1249 2447 1455 2554 scriptum
1486 2447 1543 2528 ad
1562 2444 1732 2529 maioris
1759 2445 1922 2530 roboris
1944 2445 2013 2546 fir·

345 2564 548 2652 mitatem.
572 2564 730 2673 sigillis,
753 2571 897 2646 nostro
922 2574 964 2643 et
985 2565 1117 2647 nostri
1139 2565 1312 2673 capitulj
1334 2565 1544 2646 Duximus
1575 2563 1863 2645 muniendum.
1900 2564 2014 2647 Etsi

344 2680 458 2762 hanc
480 2689 668 2763 nostram
689 2679 976 2792 Donationem
997 2710 1072 2766 sev
1094 2681 1460 2767 confirmationem
1482 2683 1708 2792 quispiam.
1743 2685 1851 2763 ausu
1880 2692 2015 2764 teme·

343 2802 451 2883 rario
473 2798 700 2910 infringere
723 2802 1051 2908 attemptauerit.
1074 2800 1144 2883 uel
1165 2800 1202 2881 ei
1226 2802 1526 2911 qualicumque
1547 2801 1673 2884 modo
1707 2801 1927 2882 contraire.
1949 2802 2015 2882 in-

344 2919 634 3028 dignationem
655 2911 781 3000 beate
806 2918 873 2999 dei
896 2920 1115 3030 genitricis
1136 2915 1394 3030 semperque
1414 2920 1593 3027 uirginis
1614 2920 1756 3001 marie
1777 2945 1823 2999 se
1849 2919 2017 3001 nouerit

343 3039 581 3118 iucurrisse.
605 3044 648 3116 et
667 3061 743 3142 pro
759 3039 917 3120 nostris
938 3038 1099 3120 delictis
1136 3047 1243 3145 aput
1264 3035 1362 3149 (sic)
1386 3035 1514 3140 deum
1538 3035 1885 3143 vomnipotentem
1915 3055 2012 3119 reus
2140 3075 2142 3078 ·

342 3163 549 3235 teneatur.
563 3151 721 3234 Actum
731 3151 775 3246 in
787 3152 997 3239 Cracouia
1008 3183 1117 3239 anno
1130 3154 1252 3239 uerbi
1262 3152 1567 3238 incarnati.M⁰.
1582 3152 1684 3238 00⁰.
1695 3150 2014 3238 XXXtVHIP.

246 3295 249 3300 ’
342 3270 618 3356 Presentibus
634 3270 713 3351 hiis
730 3270 910 3357 testibus
927 3285 971 3358 et
987 3273 1372 3358 consencientibus,
1414 3271 1549 3355 Ivone
1567 3273 1743 3370 decano
1768 3270 2007 3357 Salomone.

343 3387 657 3475 archidiacono.
668 3385 892 3499 TRoyano
908 3396 1099 3478 custode.
1112 3391 1296 3477 Domino
1312 3391 1517 3478 Waltero.
1532 3387 1753 3501 Magistro.
1771 3387 2012 3478 benedicto.

343 3506 544 3619 Symone.
569 3507 798 3592 (laconicis
818 3510 998 3593 ecclesie
1018 3523 1174 3596 nostre.
1196 3521 1238 3594 et
1254 3511 1344 3595 aliis
1367 3510 1698 3622 quamplurimis
1720 3507 1789 3622 (⁸).

314 3735 316 3740 ’
349 3767 361 3776 -
391 3703 395 3709 ’
444 3735 490 3818 (²)
514 3737 694 3824 Tropistow
706 3736 784 3803 villa
798 3737 949 3824 regionis
962 3731 1063 3808 hodic
1078 3705 1366 3820 Proszoviccnsis,
1379 3736 1559 3824 parochiae
1574 3759 1657 3804 vero
1672 3735 1919 3825 lgolomiensis,

304 3887 309 3894 ·
444 3839 490 3917 (³)
507 3837 614 3904 Muta
628 3861 716 3903 nova
729 3840 764 3903 in
778 3839 878 3922 pebus
891 3841 998 3927 gestis
1013 3842 1141 3927 patriae
1164 3849 1299 3907 nocuae
1322 3863 1362 3906 es
1382 3839 1448 3908 hoc
1474 3838 1650 3926 privilegio
1679 3847 1849 3924 apparent.
1892 3835 2012 3921 Impri-

342 3922 416 4004 mis,
435 3921 583 3988 Vislaum
596 3925 796 4008 episcopum
811 3947 878 3989 non
894 3949 980 3990 anno
998 3923 1421 4012 1242,utistar0v01soius
1448 3935 1481 3989 et
1507 3923 1562 3988 alii
1592 3925 1775 4022 scriptores
1791 3923 1935 4003 tradunt,
1953 3920 2014 3986 sed

339 3999 508 4092 semanno
527 4003 611 4072 ries
625 4019 790 4072 mortuum
818 4031 903 4092 esse,
929 4021 1058 4076 ccmrrm
1077 4021 1139 4079 cst.
1170 4010 1305 4078 Vislaus
1332 4017 1448 4076 noster
1462 4009 1597 4074 vivebat
1612 4032 1699 4074 emm
1713 4031 1788 4093 rpso
1813 4028 1901 4073 anno
1917 4007 2012 4086 1239,
2094 4053 2112 4070 ,

344 4107 409 4242 go
425 4092 460 4154 in
472 4092 643 4176 colloquio
659 4086 916 4160 Przedboriensi
929 4097 1026 4164 simul
1041 4120 1115 4166 cum
1131 4096 1379 4164 duceBnlcslao
1390 4096 1518 4161 Pudice
1527 4118 1687 4178 praesens
1700 4095 1763 4158 fuit
1776 4094 1888 4174 (conf.
1904 4090 2012 4162 nostri

398 4173 481 4240 dicis
496 4171 535 4242 Τ.
550 4177 578 4258 Ι,
594 4199 669 4274 pag.
686 4179 753 4258 43)
776 4180 901 4246 Postea
915 4181 1116 4250 Prandotam
1133 4181 1173 4246 de
1190 4181 1379 4247 Bialaczow
1402 4184 1469 4265 jam
1500 4179 1617 4243 eodem
1646 4202 1731 4245 anno
1757 4181 1849 4258 1239,
1877 4176 2009 4259 episco-

342 4257 540 4345 pumfuisse,
557 4283 630 4346 qurs
645 4261 1066 4352 negarcpotestl'lestium
1081 4263 1360 4354 nostriprivilogii
1369 4269 1436 4350 jam
1449 4275 1546 4330 notus
1562 4272 1613 4328 est
1624 4271 1752 4327 tanturn
1761 4262 1937 4347 Trojanus,
1954 4258 2011 4338 qui

344 4345 458 4408 custos
475 4343 539 4407 l'uit
551 4345 652 4410 etlam
668 4347 751 4410 laec
764 4348 855 4428 (vide
872 4349 1137 4435 Glsdyszeuicz:
1150 4343 1515 4435 „ZywauPrmdotfg
1530 4371 1607 4434 pag·
1622 4349 1708 4425 254).
1723 4347 1791 4414 Sed
1816 4367 1901 4412 anuo
1926 4345 2008 4408 1238

343 4426 611 4514 archidiaconum
621 4433 874 4498 cracoviensem
885 4421 1839 4518 sumbernnn‚n0nsa10m0nemfuisseseimusqzrouu
1857 4429 1899 4493 do
1917 4428 2006 4493 dzie-

339 4511 968 4689 ucisterciensr
985 4513 1870 4688 dilucidettulcrtstuttut
1885 4511 2008 4664 cst

342 4683 450 4748 rens
477 4681 668 4750 arctoae
698 4683 862 4765 seusus,
893 4652 1003 4752 osdra
1049 4687 1123 4754 oar
1149 4655 1342 4758 ucesiu.
1381 4684 1806 4770 truncaturum,
1839 4707 1882 4749 ex
1936 4705 2008 4750 rae-

303 4775 309 4784 '
366 4768 454 4834 osito
470 4766 640 4832 Kielceusi
656 4765 781 4850 electus
799 4777 850 4833 est
865 4770 1044 4855 episcopus
1060 4794 1128 4836 non
1143 4795 1184 4841 ex
1199 4772 1449 4853 archidiacono,
1469 4795 1544 4836 nam
1558 4770 1736 4834 verisimile
1752 4768 1849 4846 nobis
1865 4708 2006 4843 videtur,

408 4853 544 4920 mlotam
556 4850 643 4919 huno
658 4861 819 4935 nostrum,
843 4874 911 4940 non
925 4855 1021 4924 stam
1035 4879 1134 4942 quem
1159 4879 1243 4941 mm,
1271 4855 1415 4924 adfuisse
1431 4876 1506 4922 cum
1529 4854 1644 4919 Vislao
1662 4854 1823 4940 episcopo
1839 4852 2006 4935 colloquio

342 4936 598 5008 Przedborieusi
612 4938 689 5007 anni
705 4939 797 5005 1239.
821 4939 974 5024 Denique
991 4966 1048 5029 ap.
1068 4879 1363 5029 Gladyszevicium
1375 4936 1408 5024 l.
1431 4937 1627 5040 elegimus,
1645 4939 1847 5006 Prandotam
1874 4940 1911 5005 in
1936 4938 2006 5023 epi-
