5409 6309
1367 856 1413 876 ··-
1466 819 1643 898 302-

678 1027 874 1115 Civitatis
902 1032 1070 1112 nocuae
1101 1019 1223 1108 Biecz
1252 1017 1442 1131 suburbij
1478 1017 1722 1106 huiusmodi
1750 1016 1897 1104 damus
1918 1016 2047 1102 firmis
2068 1017 2224 1104 nostris
2242 1015 2331 1104 Re-

679 1144 849 1259 galibus
879 1144 922 1226 in
951 1141 1182 1243 mandatis,
1214 1151 1425 1250 quatenus
1455 1140 1683 1249 praedictis
1719 1137 1895 1227 Civibus
1916 1149 1960 1222 st
1980 1136 2235 1224 Consulibus
2276 1137 2332 1223 ds
2402 1187 2408 1194 -

552 1333 563 1356 „
677 1263 891 1349 laboribus
913 1272 956 1345 et
976 1260 1219 1346 obedientia
1237 1259 1492 1371 respondere
1515 1254 1721 1343 debeatis.
1766 1255 1943 1364 duribus
1964 1266 2006 1340 et
2027 1283 2159 1339 censu
2177 1256 2330 1341 nostris
2414 1337 2417 1350 ,

676 1382 909 1496 Regalibus
945 1408 1113 1489 semper
1148 1378 1289 1463 salvis.
1341 1378 1501 1462 Datum
1520 1379 1563 1460 in
1585 1377 1736 1461 Szobao
1755 1378 1797 1459 in
1812 1378 1965 1489 ,vigilia
1997 1376 2143 1464 Sancti
2162 1374 2332 1460 Martini

678 1501 928 1587 confessoris
960 1526 1070 1582 anno
1103 1498 1258 1583 domini
1283 1498 1407 1604 1399,
1442 1496 1737 1607 praesentibus
1773 1497 2063 1580 tantummodo
2085 1495 2329 1580 adnostros

607 1675 616 1690 κ
677 1620 908 1706 voluntatis
929 1617 1243 1728 beneplacitum
1263 1616 1466 1702 valituris.
1496 1615 1568 1701 Ad
1586 1615 1838 1701 relacionem
1859 1618 1899 1700 d.
1916 1614 2081 1702 Nicolai
2102 1615 2155 1698 de
2170 1611 2331 1698 Carowo

677 1740 880 1851 Episcopi
901 1737 1274 1825 Wladislaviensis.
2278 1725 2312 1808 0

1382 2174 1633 2294 CLXXXV.
1771 2204 1781 2224 ·

812 2427 815 2434 ’
929 2369 1387 2519 draconino-26
1404 2429 1899 2519 Novembrium
1917 2352 2083 2517 adan.

720 2654 792 2728 Fido
805 2653 843 2725 ds
865 2655 994 2744 Wyvota
1007 2651 1128 2726 denuo
1142 2649 1231 2738 Patro
1246 2652 1418 2725 strumina
1431 2651 1538 2726 ulan
1559 2651 1694 2722 Wdaza
1710 2671 1779 2726 arn
1791 2669 1865 2725 usa
1878 2653 1909 2726 ir
1922 2651 2065 2722 Zabam
2089 2651 2225 2725 suddit
2237 2653 2289 2737 (1).

674 2895 677 2901 ’
778 2860 810 2947 J
811 2862 999 2947 ohannes
1021 2860 1075 2944 de
1096 2858 1292 2945 ibonczin
1309 2861 1573 2948 Castellanus
1591 2861 1899 2966 Oracouiensis,
1916 2858 2212 2972 Significamus
2235 2859 2334 2968 qui-

675 2983 756 3067 bus
780 2981 949 3091 expedit
968 2980 1185 3066 Vniuersis
1206 2988 1295 3063 tam
1314 2979 1580 3093 presentibus
1617 3009 1746 3093 quam
1767 2979 1916 3065 bituris
1938 2981 2203 3091 presencium
2222 2978 2334 3063 noti-

676 3100 786 3185 ciam
807 3101 1025 3186 habituris.
1073 3097 1199 3200 Quod
1219 3104 1474 3185 constitutus
1496 3127 1638 3185 coram
1659 3100 1782 3187 nobis
1804 3111 1848 3183 et
1866 3110 1970 3185 tunc
1990 3101 2214 3185 nobiscum
2234 3123 2335 3182 con·

676 3219 937 3304 sistentibus.
968 3219 1142 3305 Nobilis·
1154 3218 1228 3302 Vir
1249 3220 1443 3304 dominus
1458 3220 1566 3306 Fido
1587 3220 1710 3304 heres
1727 3220 1779 3303 de
1798 3217 2022 3334 Wywlo(')
2039 3246 2170 3303 sanus
2192 3223 2336 3302 mente

675 3340 858 3450 existens
882 3349 925 3422 et
946 3366 1118 3451 corpore
1154 3366 1240 3423 non
1276 3340 1518 3449 compulsus
1552 3367 1632 3421 nec
1671 3351 1846 3425 coactus
1882 3365 2023 3450 neque
2060 3340 2201 3452 aliquo
2238 3334 2334 3422 dolo

676 3460 838 3542 astucia
861 3458 1186 3545 Circumuentus
1207 3457 1284 3540 sed
1301 3458 1361 3541 ’ὀο
1380 3461 1514 3570 ipsius
1530 3457 1645 3554 bona
1660 3469 1704 3541 et
1718 3467 1956 3571 spontanea
1976 3459 2192 3544 voluntate
2212 3481 2335 3542 vaus·

676 3601 761 3686 que
782 3605 960 3688 supereo
992 3605 1163 3663 suorum
1196 3577 1380 3660 consiliis
1404 3580 1633 3662 amicorum
1654 3576 1806 3662 Villam
1826 3606 1947 3662 suam
1970 3580 2126 3662 dictam
2154 3572 2334 3658 Wslecrc

671 3704 835 3793 ‚etcum
855 3697 970 3810 Area
988 3697 1033 3778 in
1052 3696 1151 3780 villa
1171 3694 1356 3779 Zocrzow
1379 3697 1434 3811 (ὅ)
1456 3697 1538 3780 sibi
1560 3698 1782 3812 adiacente
1802 3701 1941 3807 ipsum
1962 3695 2212 3783 hereditarie
2233 3720 2332 3804 spe-

675 3823 841 3898 ctantes
864 3843 961 3898 cum
983 3813 1176 3901 omnibus
1199 3826 1242 3900 et
1262 3816 1439 3928 singulis
1460 3816 1649 3936 predicte
1669 3818 1768 3902 ville
1792 3815 1970 3901 Wsleczu
1986 3826 2030 3902 et
2052 3846 2147 3900 cum
2167 3841 2268 3898 area
2287 3811 2331 3894 in

674 3931 860 4018 Zarrzow
881 3938 964 4017 sita
983 3934 1231 4019 utilitatibus
1253 3932 1460 4019 fructibus
1485 3946 1527 4019 et
1545 3936 1780 4020 redditibus
1806 3939 2014 4021 uniuersis
2036 3936 2198 4019 scilicet
2216 3959 2333 4016 cam-

673 4055 738 4163 pis
759 4054 887 4165 A'gris
918 4052 1093 4140 Pascuis
1124 4053 1284 4164 Predijs
1315 4054 1493 4165 Allodijs
1523 4055 1820 4141 kmethonibus
1852 4056 2092 4152 Thabemis
2113 4048 2355 4154 Ortulanis⁸

675 4171 800 4285 Siluia
831 4173 873 4257 N
875 4174 1085 4261 amoribus
1116 4171 1281 4257 Mericis
1302 4170 1445 4259 Bonis
1467 4174 1576 4287 gaijs
1596 4174 1758 4259 rubetis
1779 4176 1972 4288 virgultis
1992 4176 2130 4262 Pratis
2151 4172 2330 4261 Piscinis

672 4292 876 4377 Lacubus
891 4289 1122 4404 Paludibus
1137 4293 1297 4403 Fluuijs
1318 4293 1480 4378 Riuulis
1502 4292 1689 4378 fontibus
1712 4297 1834 4408 aquis
1858 4305 1900 4380 et
1922 4325 2064 4381 earum
2086 4289 2334 4377 decursibus

674 4423 718 4495 et
737 4415 992 4525 generaliter
1013 4440 1110 4498 cum
1131 4411 1325 4499 omnibus
1341 4412 1554 4498 fructibus
1591 4414 1918 4528 quibuscunque
1937 4413 2188 4502 Nominibus
2208 4409 2334 4503 woei·

780 4650 818 4726 (¹)
841 4649 895 4714 Ex
913 4650 1094 4749 archetypo
1110 4647 1326 4734 descriptum.
2284 4686 2286 4689 >

779 4732 829 4810 Ρ),
839 4732 902 4798 Est
915 4733 1012 4800 hodie
1028 4736 1106 4800 nlla
1128 4735 1250 4823 Wywta
1267 4734 1426 4802 territorii
1441 4733 1640 4813 Kielcensis,
1655 4735 1802 4823 regionis
1830 4734 2124 4823 Jedraejoriensia
2153 4730 2332 4821 parochiae

675 4813 718 4880 ad
732 4814 843 4879 villam
858 4815 1031 4907 Goleaiowy
1048 4818 1238 4905 spectantis.
1267 4820 1416 4906 Wywola,
1432 4820 1571 4886 fortasse
1586 4835 1702 4886 nostra
1725 4822 1862 4912 Wywlar

781 4901 822 4980 (³)
843 4898 969 4968 Multae
984 4915 1061 4971 sunt
1076 4903 1170 4969 villae
1187 4903 1332 4987 ejusdem
1348 4904 1488 4971 nominis
1502 4904 1537 4971 in
1551 4904 1669 4990 Regno
1685 4906 1842 4973 Polonira
1861 4906 2028 4973 moderno.
2056 4904 2214 4972 Proxima
2234 4900 2333 4969 villae

684 4986 808 5074 Wyala
822 4984 931 5052 dicus
945 4997 998 5054 est
1014 4989 1160 5056 Zabzow
1173 4987 1362 5057 Kielcsnsis
1377 4988 1523 5074 regionis
1538 4997 1571 5054 et
1585 4990 1753 5075 territorii,
1774 4990 1951 5078 parochiae
1965 4988 2267 5080 Weglesaynensis.
