5409 6309
1059 852 1242 924 ...ηο
1293 884 1338 903 .-

188 1054 228 1075 ''
309 1052 314 1063 ’
358 1089 462 1171 pore
478 1057 652 1159 fuerint,
673 1053 843 1137 sculteti
861 1077 963 1137 vero
985 1060 1029 1133 et
1048 1050 1284 1165 advocatus
1304 1052 1486 1161 predicti
1507 1079 1650 1138 coram
1671 1053 1816 1161 nobis,
1848 1083 1928 1142 seu
1950 1086 2027 1144 no·

355 1190 443 1264 stro
465 1174 654 1287 generali
668 1172 832 1282 judicio
855 1171 1084 1254 dummodo
1104 1198 1181 1279 per
1201 1169 1365 1253 literam
1386 1179 1594 1275 nostram,
1632 1181 1865 1283 nostroque
1886 1176 2042 1288 sigillo„

252 1306 258 1314 '
357 1296 588 1407 sigillatam
609 1293 777 1376 evocati
798 1289 974 1392 fuerint,
1009 1297 1115 1385 tune
1135 1286 1188 1373 de
1208 1314 1257 1370 se
1277 1287 1622 1398 querelantibus,
1644 1318 1728 1376 non
1750 1291 1831 1374 alio
1853 1295 1934 1375 nisi
1954 1321 2033 1381 suo

290 1460 299 1477 ι
351 1417 447 1527 jure
466 1411 715 1495 theutonico
737 1410 837 1493 novi
857 1405 940 1491 fori
958 1407 1077 1519 quod
1099 1403 1310 1491 Srzedske
1333 1407 1496 1511 dicibu,
1523 1409 1782 1518 respondere
1803 1409 1890 1492 sint
1906 1414 2037 1496 astri..

359 1535 430 1618 eti.
481 1531 533 1613 In
554 1528 704 1615 causis
727 1518 871 1609 autem
901 1520 1189 1608 criminalibus
1202 1530 1257 1605 ut
1278 1508 1546 1637 Capitalibus
1576 1518 1751 1635 pretatis
1785 1527 2033 1615 Sculteretis

360 1645 459 1765 (sic)
474 1646 709 1757 judicandi,
729 1642 1045 1746 sententiandi,
1066 1641 1271 1753 puniendi
1293 1651 1338 1726 et
1358 1643 1673 1728 condemnandi
1694 1645 1845 1728 damus
1869 1657 1912 1743 et
1932 1676 2035 1734 con·
2087 1698 2096 1711 ι

360 1766 550 1852 cedimus
584 1774 730 1847 tenore
765 1758 1034 1874 presencium
1054 1756 1223 1870 plenam
1247 1769 1290 1841 et
1311 1760 1598 1873 omnimodam
1617 1770 1892 1875 potestatem,
1907 1780 2036 1875 prout

357 1888 499 1997 ipsum
520 1881 602 1966 dus
624 1881 954 1967 Theutonicum'
978 1877 1216 1962 Srzedense
1235 1880 1279 1960 in
1300 1879 1389 1963 suis
1421 1878 1641 1990 capitulat·
1661 1891 1703 1964 et
1731 1883 1914 1991 requirit
1941 1887 2051 1998 (sic,
2087 1924 2092 1931 ·

309 2074 315 2081 .
359 2000 453 2115 sic),
483 2001 649 2089 Damus
669 2001 843 2111 insuper
864 1997 1203 2084 et.concedimus
1223 1995 1399 2107 prefatis
1422 1999 1578 2095 nostris
1600 1999 1770 2087 civibus
1788 2001 1842 2101 de
1865 2000 2036 2112 Stobny-

361 2149 449 2219 cro,
471 2119 835 2225 etkmethouibus
857 2108 900 2203 in
920 2113 1097 2231 prefatis
1133 2115 1240 2203 villis
1277 2126 1365 2203 tam
1400 2115 1573 2221 locatis,
1607 2143 1738 2226 quam
1756 2118 1970 2225 locandis,
1991 2124 2035 2204 in

307 2298 309 2301 -
341 2236 535 2352 pressus
555 2240 715 2327 metica
736 2247 780 2331 'et
799 2236 961 2321 rubetis
982 2261 1060 2349 pro
1083 2233 1371 2345 extirpacione
1409 2262 1573 2342 earum,
1594 2243 1642 2323 ut
1664 2236 1719 2323 ab
1741 2236 1938 2355 omnibus
1955 2267 2037 2341 ‚no-

359 2359 456 2441 stris
478 2356 680 2468 collectis,
700 2346 1103 2469 contributionibus,
1124 2352 1300 2463 calligijs
1319 2350 1417 2467 (sie)
1437 2363 1479 2435 et
1499 2344 1804 2469 exactionibus,
1827 2358 1885 2439 ac'
1900 2358 2036 2451 eciam

360 2476 551 2593 angariJ‘s
569 2483 614 2557 et
632 2462 896 2585 preaugarijs
917 2469 1137 2573 universis,
1159 2497 1421 2587 quocunque
1440 2475 1612 2557 nomine
1629 2485 1932 2585 nuncupentur
1953 2479 2038 2587 siut

226 2676 229 2681 ,
359 2593 482 2681 liberi
505 2602 548 2675 et
565 2594 775 2677 immunes
798 2601 842 2673 et
862 2588 1010 2693 soluti,
1033 2588 1088 2672 ad
1109 2586 1297 2671 sedecim
1320 2616 1476 2693 annos,
1510 2589 1565 2675 ab
1589 2619 1700 2679 anno
1718 2592 1882 2679 'domini
1902 2594 2038 2679 mille-
2116 2638 2120 2645 ²

358 2713 464 2796 simo
492 2711 791 2817 tricentesimo
832 2708 1100 2823 sexagesimo
1142 2706 1452 2815 computando,
1492 2712 1664 2823 plenam
1688 2721 1730 2796 et
1750 2712 2035 2799 omnimodam

357 2838 504 2943 tenore
522 2829 790 2938 presencium
809 2824 1063 2943 libertatern.
1112 2818 1208 2921 Quo
1231 2824 1442 2933 expirata,
1478 2822 1603 2911 nobis
1628 2826 1680 2908 de
1702 2828 1895 2939 quolibet
1912 2829 2035 2917 laneo

357 2958 454 3031 octo
476 2956 621 3041 scotos
642 2971 888 3059 grossorum
908 2944 1072 3027 solvere
1092 2936 1367 3045 tenebuntur,
1389 2942 1441 3026 de
1463 2945 1594 3029 cen'su
1616 2972 1791 3061 quoque
1814 2945 2034 3035 domorum

357 3067 545 3175 ipsorum
587 3089 750 3165 annue,
790 3060 1036 3155 secundum
1063 3058 1416 3175 consuetudinem
1446 3068 1577 3167 terre,
1598 3072 1642 3144 et
1659 3073 1788 3170 prout
1806 3063 1946 3170 ipsum
1960 3064 2033 3177 jus

237 3208 241 3213 ’
275 3168 281 3241 '-
358 3181 595 3291 Srzedense
615 3181 792 3289 requirit
812 3188 856 3262 et
875 3177 1081 3287 postulat,
1109 3173 1361 3259 satisfacere
1377 3176 1468 3289 *sint
1488 3180 1662 3265 astricti.
1710 3174 1768 3264 Et
1788 3189 1835 3261 ut
1854 3208 2030 3290 presens

354 3288 623 3411 privilegium
652 3299 782 3385 robur
813 3296 1007 3385 obtineat
1034 3303 1240 3409 perpetue
1260 3293 1493 3401 firmitatis,
1513 3294 1619 3383 illud
1638 3300 1785 3411 maj0ri
1808 3307 1955 3383 nostro
1977 3301 2033 3380 si·
2147 3294 2153 3301 ’

356 3419 460 3533 gillo
481 3416 784 3509 mandavimus
798 3414 1006 3533 reborari¹
1041 3412 1199 3535 Actum
1219 3410 1435 3499 et'detum
1462 3412 1625 3527 Vislicz'e
1644 3418 1689 3515 in
1709 3416 1896 3531 erastino
1916 3414 2034 3525 beati
2161 3444 2168 3451 ·

355 3536 489 3621 Marci
509 3535 832 3646 Euangeliste.«
865 3528 957 3618 Sub
980 3558 1091 3617 anno
1114 3528 1271 3616 domini
1291 3529 1509 3618 millesimo
1532 3528 1829 3619 trecentesimo
1851 3561 2033 3647 sexage·
2107 3574 2118 3590 =

356 3657 463 3757 simo
498 3653 704 3744 secundo.
753 3648 1034 3739 Presentibus
1054 3651 1121 3735 his
1141 3648 1324 3749 testibus
1362 3647 1575 3745 stanulao
1606 3653 1916 3765 Melogostensi
1948 3652 2033 3738 Oa-

253 3807 259 3815 ·
354 3774 558 3878 stellam,
580 3771 807 3856 Bodzatha
825 3776 1101 3879 procuratore
1123 3776 1270 3853 nostro
1292 3769 1502 3879 generali,
1523 3770 1761 3856 Macnkoue
1782 3771 2033 3875 cancellario

355 3904 506 3987 nestro,
533 3889 795 3996 dobrinensi,
817 3897 860 3973 et
878 3886 1139 3977 Praedborio
1162 3886 1215 3968 de
1237 3884 1412 3994 Brzezye
1433 3914 1487 3973 ac
1507 3889 1708 3975 dohanne
1751 3886 2032 4001 Zoravyczkij

267 4062 271 4069 -
354 4010 562 4122 Magistro
584 4010 945 4123 coquinenostro,
966 4033 1154 4107 necnon
1175 4002 1376 4088 decussio
1400 4003 1453 4089 de
1474 4004 1697 4125 conera(⁴)
1719 4017 1762 4091 et
1783 4008 2031 4118 quamplu·

353 4126 471 4212 ribus
494 4126 586 4235 alijs
604 4124 691 4208 fide
713 4125 866 4237 dignis.
917 4125 1076 4209 Datum
1097 4151 1175 4235 per
1194 4147 1348 4207 manus
1371 4121 1532 4238 domini
1547 4122 1759 4239 Johaunis
1781 4124 2031 4235 Cancellsrij

355 4245 487 4333 nostri
508 4244 818 4331 Oracovieusis.
957 4262 959 4264 ’
1722 4296 1735 4313 0

368 4492 386 4539 ἢ
460 4479 505 4559 (⁴)
526 4474 755 4543 Muczkowski
769 4476 804 4541 in
817 4470 1005 4561 parenthesi
1025 4458 1121 4560 ponit
1148 4473 1326 4563 „panesa”
1350 4472 1498 4548 incertus
1511 4477 1614 4565 igitur
1626 4476 1688 4543 fuit
1702 4475 1743 4553 de
1759 4474 1913 4547 batione·
1949 4476 2032 4545 Fer·

355 4575 443 4630 tasse
459 4560 537 4630 urbs
557 4561 641 4645 Xiqt
655 4558 859 4669 intelligitur.
1197 4576 1200 4585 ¹
1837 4624 1841 4631 ,
