5409 6309
1499 845 1534 892 vt

705 998 952 1112 provinciam,
973 997 1145 1108 quamvis
1166 998 1325 1109 mirifice
1340 996 1447 1080 nobis
1468 998 1709 1106 arridentem,
1731 1028 1852 1111 neque
1874 1031 1899 1082 a
1919 1001 2059 1085 studiis
2087 996 2225 1112 nostris
2257 1001 2354 1085 atie·

711 1165 819 1238 nam,
841 1163 958 1244 quum
977 1159 1050 1215 nou
1066 1134 1204 1214 barum
1219 1133 1360 1216 virium
1381 1161 1462 1215 esse
1479 1145 1716 1245 putaremus,
1739 1137 1804 1219 diu
1822 1137 2123 1241 detrectavimus,
2150 1137 2353 1252 permultis

712 1269 1021 1382 occupationibus
1043 1269 1214 1369 distenti,
1239 1270 1358 1352 donec
1386 1268 1910 1383 VcncestaiMociejowscii,
1931 1304 2112 1386 mapnum
2129 1278 2168 1358 in
2185 1274 2353 1387 republi-

712 1436 759 1491 ca
789 1406 963 1490 literaria
993 1433 1126 1487 nomen
1148 1406 1329 1511 babeatis,
1350 1408 1575 1489 anctoritate
1589 1409 1766 1520 permoti,
1789 1410 2162 1522 satisfecimus‘votis
2176 1411 2352 1495 Abevou·

709 1543 775 1627 dri
791 1541 1062 1644 Przezdeiecii,
1086 1542 1162 1623 viri
1173 1541 1225 1622 de
1246 1572 1288 1623 re
1306 1541 1478 1624 literaria
1507 1542 1741 1625 Potonorum
1762 1545 2008 1651 meritissimi,
2041 1575 2082 1630 se
2107 1545 2253 1630 Codicis
2285 1574 2352 1629 no·

707 1681 783 1763 stri
800 1679 939 1762 edendi
947 1707 1081 1761 curam
1097 1692 1186 1790 post
1201 1678 1367 1761 Leonem
1380 1679 1739 1788 Rzpsrczemscium,
1752 1684 1821 1792 poi
1829 1682 2046 1765 domesticis
2061 1684 2220 1796 nepotiis
2233 1675 2353 1794 impe·

710 1820 823 1918 ditus,
845 1819 1034 1927 inceptum
1047 1845 1071 1897 a
1086 1844 1126 1896 se
1143 1843 1237 1928 opus
1252 1813 1359 1896 nitra
1370 1816 1525 1900 tertium
1535 1814 1707 1897 volumen
1715 1819 1902 1928 persequi
1908 1845 1984 1899 nou
1994 1832 2125 1929 posset
2149 1832 2350 1931 susceptu-

708 1984 793 2035 rum
816 1952 1044 2065 profitentis.
1096 1953 1165 2033 Ita
1178 1951 1334 2061 factum
1363 1964 1436 2051 est,
1457 1964 1498 2031 ut
1520 1978 1616 2062 opus
1640 1953 1916 2036 Meczlcorvscii
1933 1966 2053 2035 morte
2083 1956 2350 2066 interruptum,

707 2091 815 2175 barud
828 2090 964 2202 eniprco
987 2089 1167 2201 temporis
1188 2088 1314 2201 spatio
1335 2088 1545 2198 interjecto,
1569 2090 1721 2172 tandem
1742 2089 1891 2171 anobis
1914 2090 2126 2171 retractari
2150 2091 2349 2201 inciperet.

809 2223 1016 2306 Rationem
1032 2253 1056 2303 a
1074 2223 1270 2305 decessore
1292 2236 1421 2304 nostro
1441 2224 1582 2324 initam,
1605 2222 1805 2336 utsinputi
1823 2225 1915 2306 tomi
1928 2222 2172 2335 sinpntarum
2188 2227 2351 2337 provin·

707 2362 851 2444 cionem
871 2371 1110 2440 monumenta
1131 2357 1315 2440 bistorica
1336 2358 1563 2465 eabibercnt,
1595 2361 1727 2460 secuti,
1759 2361 1831 2441 boc
1851 2358 2036 2441 volumine
2069 2358 2278 2472 diplomata
2298 2360 2353 2441 ad

705 2525 766 2578 res
789 2497 951 2580 Minoris
968 2491 1150 2577 Poboniae
1167 2498 1394 2606 spectantia,
1412 2495 1601 2606 compteri
1618 2525 1761 2579 scimus.
1776 2497 1912 2607 Neque
1930 2499 2061 2578 deboc
2081 2498 2142 2577 oia
2164 2498 2202 2578 in
2217 2509 2351 2607 poste·

705 2609 790 2715 rum
802 2632 1050 2742 deflectemus,
1070 2631 1125 2712 ito
1137 2643 1260 2732 tamen
1272 2643 1324 2732 ut,
1340 2634 1379 2712 si
1394 2661 1473 2739 qna
1487 2633 1613 2714 adbuc
1634 2633 1765 2744 ipnota
1781 2660 1909 2713 rerum
1931 2645 2172 2714 monumento
2194 2632 2347 2742 adpro·

703 2770 861 2871 vincias,
883 2770 922 2849 in
942 2766 1105 2849 historia
1124 2796 1291 2876 quarum
1313 2768 1518 2877 superiora
1537 2768 1732 2851 vobtmina
1768 2783 1974 2850 versantur
1993 2769 2209 2881 spectantia
2228 2771 2267 2850 in
2288 2767 2350 2850 bu-

673 3011 676 3016 ,
705 2933 785 2988 cem
798 2902 1165 3016 protractafnerint
1176 2966 1187 3003 ,
1218 2931 1264 2983 ea
1285 2903 1342 3007 iis,
1363 2930 1462 3013 qvae
1478 2917 1694 3014 sequentur,
1717 2902 1979 3009 voluminibus,
2002 2906 2230 2987 inseramus.

806 3033 998 3123 Minorem
1013 3052 1138 3121 autem
1157 3035 1377 3143 Pobouiam,¹
1394 3042 1561 3123 arctiore
1583 3042 1697 3152 bajus
1718 3041 1818 3122 vocis
1853 3040 2142 3154 sipniflcatione,
2162 3037 2348 3151 intettipi·

701 3207 784 3259 mres
805 3189 881 3259 tres
899 3177 1142 3289 provincias,
1161 3189 1304 3258 terram
1348 3174 1646 3280 Crocoviensem,
1670 3177 2034 3277 Sandomiriensem,
2057 3173 2345 3259 Lubbineusem.
2459 3160 2462 3166 ¹

707 3312 815 3410 Quae
829 3314 1114 3424 paumitasint,
1132 3310 1375 3396 nibilominus
1389 3326 1512 3395 tamen
1533 3311 1681 3424 ate'quot
1701 3324 1943 3396 monumenta
1964 3312 2150 3396 historiae
2183 3309 2349 3394 Sitesioe

705 3447 992 3533 etPodtacbiae
1014 3447 1136 3529 lucem
1172 3449 1403 3561 afferentia,
1439 3477 1539 3556 quae
1560 3449 1726 3530 nondum
1758 3445 1869 3557 preto
1901 3458 1989 3526 suut
2021 3445 2217 3544 mandata,
2256 3447 2346 3530 buic

701 3583 1030 3696 quartovotumini
1043 3584 1276 3694 snbjunpere
1291 3609 1365 3664 non
1380 3581 1643 3680 dubitavimus,
1662 3577 1873 3693 diplomata
1880 3579 2052 3661 chssiae
2062 3579 2238 3680 Rubrae,
2251 3608 2349 3692 pro·

700 3723 862 3805 vinciam
877 3735 987 3834 puta,
1005 3723 1072 3803 cui
1089 3720 1199 3804 bodie
1224 3717 1399 3804 Gaticiae
1421 3745 1553 3799 nomen
1575 3730 1641 3816 est,
1665 3715 1751 3798 abiis
1767 3715 2019 3800 voluminibus
2037 3713 2287 3825 complanari.
2387 3771 2392 3780 ι

805 3858 913 3957 Quae
933 3871 1174 3943 monumenta
1196 3858 1235 3939 in
1256 3859 1325 3939 boc
1348 3854 1442 3937 tibro
1460 3853 1651 3967 bepuntnr,
1682 3881 1812 3935 eorum
1828 3853 1929 3934 bona
1957 3881 2057 3964 pars
2090 3851 2252 3934 collecta
2284 3854 2359 3936 in»

703 3995 871 4082 drastn'ue
885 3996 1025 4078 Leonis
1035 3994 1339 4104 Rapseczervscii
1348 3993 1514 4092 debetur,
1528 3993 1607 4074 oiri
1616 3971 1837 4102 obfontium
1848 3985 2297 4074 bistoricornmstvdinm
2309 3994 2348 4078 iu

699 4132 838 4245 Repno
858 4129 1042 4213 Potoniae
1065 4131 1272 4211 cacitatum
1282 4130 1379 4239 jure
1396 4127 1603 4239 meritoque
1620 4125 1821 4210 laudandi.
1832 4127 1942 4210 Huic
1958 4127 2345 4237 Rzpszczevsciancc

700 4272 833 4381 copiae
854 4270 1014 4351 accessit
1036 4268 1142 4349 baud
1162 4255 1321 4376 evipuus
1342 4292 1523 4346 numeras
1545 4263 1806 4378 diplomatum,
1830 4295 1856 4347 a
1878 4262 2038 4352 Ctariss.
2055 4266 2346 4377 Maciejoroscio

698 4433 717 4485 e
739 4403 962 4488 bibliotheca
983 4402 1258 4505 Staniotcensis
1273 4403 1497 4484 monosterii
1516 4415 1658 4505 erutus,
1678 4415 1758 4484 tum
1793 4401 1940 4513 aliquot
1961 4403 2114 4486 arbium
2135 4417 2169 4485 et
2186 4406 2347 4517 oppido·

698 4569 783 4622 rum
806 4540 982 4624 Gaticiae
1004 4541 1227 4622 docuimenta
1247 4569 1272 4619 a
1294 4537 1464 4650 Josepbo
1484 4538 1749 4649 Zepbonscio,
1761 4543 1906 4651 juvme
1927 4541 2176 4644 orriotissimo,
2199 4542 2346 4624 descri-

694 4687 776 4788 pta,
799 4705 897 4784 puae
919 4677 1041 4757 omnio
1063 4675 1296 4783 antiquitatis
1318 4688 1578 4770 scrutatorum
1599 4689 1685 4758 vota
1707 4675 1915 4788 captarent,
1935 4678 1972 4762 si
1983 4678 2121 4762 notitiis
2162 4677 2207 4758 de
2247 4673 2342 4776 toco,

697 4839 774 4924 qno
793 4840 895 4895 verino
916 4824 1170 4916 asserventur,
1187 4813 1231 4894 de
1248 4810 1390 4925 sipilbis
1410 4812 1546 4921 quibus
1568 4814 1643 4894 sint
1663 4815 1817 4918 munita,
1841 4814 1886 4896 de
1902 4811 1993 4896 otiis
2022 4814 2063 4893 id
2084 4840 2207 4923 penus
2229 4807 2341 4896 rebus

698 4950 887 5033 instructa
920 4962 1052 5050 essent,
1073 4950 1178 5060 quod
1196 4949 1292 5030 idem
1314 4949 1549 5061 apoprapln's
1571 4978 1596 5030 a
1614 4949 1895 5033 Muczlcomscio
1917 4963 1952 5030 et
1970 4949 2276 5057 Rzyszczewsoio
2299 4979 2346 5030 ev

694 5087 1233 5198 NieborowiensiPriacipum
1252 5083 1573 5188 Ravennatem
1613 5083 1804 5170 tabulario
1841 5088 2042 5196 confectis,
2065 5086 2185 5193 objici
2198 5100 2339 5195 potest.
