5409 6309
686 1031 955 1133 innovamus,
976 1026 1233 1111 ratificamus
1253 1034 1297 1110 et
1314 1028 1500 1138 presenti
1520 1025 1665 1137 scripti
1684 1024 1917 1137 patrocinio
1953 1024 2270 1137 confirmamus3
2292 1041 2337 1116 ot

688 1152 887 1263 quoniam
915 1148 959 1230 in
989 1157 1134 1231 nostra
1161 1146 2069 1257 presencia-snmhmmtt'rminriptitmn
2098 1146 2335 1262 Pnisilcgijs

686 1269 789 1381 legi,
821 1266 1049 1352 auscultari
1072 1277 1114 1349 et
1134 1269 1362 1350 examinari
1394 1267 1642 1379 diligencius
1672 1263 1847 1349 fecimus
1869 1273 1913 1348 et
1934 1266 2036 1376 quia
2063 1266 2108 1348 in
2139 1268 2333 1353 omnibus

683 1396 799 1470 recte
836 1389 1092 1470 concordare
1115 1414 1217 1468 cum
1232 1388 1318 1469 suis
1326 1388 1449 1471 mis
1479 1383 1761 1497 originalibus
1781 1383 2041 1490 sisennus,
2073 1384 2333 1471 decernimus

685 1505 767 1588 hoc
788 1505 1059 1617 Privilegium
1081 1507 1383 1589 auctorisatam
1416 1501 1526 1609 fore,
1549 1513 1592 1586 et
1611 1505 1691 1588 sibi
1712 1506 1755 1585 in
1775 1504 1887 1586 omni
1907 1504 1999 1607 loco
2021 1502 2187 1612 plenam
2209 1503 2334 1615 fidem

688 1624 971 1721 adhibendam
987 1622 1181 1708 uolentes
1205 1633 1256 1707 et·
1271 1624 1547 1707 decernentes
1565 1620 1702 1732 ipsum
1716 1618 2169 1735 Pritilegium'absqus
2192 1646 2337 1709 eorum

686 1745 980 1855 originalibus,
1002 1752 1043 1825 et
1064 1742 1281 1856 quodlibet
1318 1771 1457 1827 eorum
1481 1741 1669 1825 obtinere
1689 1742 1881 1853 perpetui
1900 1738 2060 1852 roboris
2081 1737 2336 1855 firmitatem.

685 1862 743 1945 Et
762 1892 816 1945 ne
839 1864 941 1972 quid
962 1890 1105 1947 eorum
1126 1863 1240 1947 facto
1262 1862 1502 1946 huiusmodi
1523 1862 1651 1965 desit,
1674 1863 1788 1970 quod
1809 1861 1946 1943 minus
1966 1859 2072 1944 forte
2094 1871 2239 1968 posset
2259 1863 2338 1945 ali·

547 2022 550 2037 ,
688 1980 843 2090 quibus
866 1983 1214 2091 qualitercunque
1236 1982 1387 2084 videri,
1418 1980 1683 2064 Auctoritate
1714 1992 1858 2064 nostra
1879 1980 2111 2089 suplemus,
2146 1980 2336 2091 volentes

686 2110 735 2182 ut
753 2101 856 2184 illud
886 2130 1051 2211 semper
1080 2110 1250 2182 maneat
1277 2104 1596 2201 inconpussumo
1623 2097 1727 2197 pilli
1757 2122 1861 2212 ergo
1882 2096 1941 2211 <?)
1964 2099 2184 2197 hominum
2219 2101 2339 2213 regni

686 2222 817 2303 nostri
838 2222 1129 2328 cuiuscunque
1151 2228 1286 2301 status
1308 2247 1384 2300 seu
1404 2220 1710 2328 preeminencie
1730 2214 1875 2322 fuerit,
1910 2210 2038 2301 liceat
2067 2219 2178 2300 hano
2198 2232 2339 2304 nostre

684 2336 994 2444 innovacionis,
1031 2338 1355 2452 approbssoms
1383 2363 1460 2418 seu
1491 2336 1848 2422 Ooniirmaoionis'
1876 2339 2066 2446 graciam
2100 2335 2339 2450 infringere,

687 2466 761 2540 aut
782 2462 820 2541 ei
842 2487 949 2541 ausu
970 2460 1191 2545 temerario
1213 2456 1457 2568 aliquolibet
1478 2458 1703 2561 contraire,
1731 2464 1858 2571 prput
1874 2455 2187 2569 indignacionis
2209 2485 2337 2567 accu-

686 2575 800 2663 leum
821 2574 873 2659 ao
893 2605 1046 2684 penam
1077 2577 1370 2689 gravissimam
1389 2603 1464 2686 pro
1485 2578 1603 2661 moiu
1631 2575 1803 2686 proprio,
1829 2572 2102 2685 infligendam
2133 2570 2340 2691 voluerint

687 2695 858 2778 evitare.
889 2698 940 2781 In
962 2696 1140 2804 quorum
1162 2697 1346 2780 omnium
1367 2696 1653 2778 testimonium
1672 2705 1894 2803 presentes·
1904 2691 2029 2777 scribi
2045 2695 2338 2780 mandavimus

689 2820 731 2895 et
751 2811 889 2927 Sigilli
920 2816 1061 2899 nostri
1082 2817 1340 2927 appensione
1371 2810 1647 2898 communiri:
1681 2813 1834 2897 Actum
1859 2806 2249 2923 Crocovie'proxima
2270 2842 2337 2898 se·

687 2927 829 3019 cunda
849 2932 953 3019 faria
973 2943 1072 3043 post
1092 2932 1208 3021 Virri.
1259 2928 1387 3021 Anno
1407 2930 1562 3019 domiui
1581 2928 1797 3018 Millesimo
1820 2930 2137 3019 Trecentesimo
2158 2958 2337 3046 sexage-

689 3054 794 3137 simo
816 3046 994 3137 Octavo.
1033 3053 1317 3140 -Presentibus
1338 3051 1537 3136 Johauno
1558 3051 1832 3137 Oraooviensi
1853 3048 1921 3166 (³),
1952 3050 2167 3136 Clemente
2196 3051 2340 3140 Redo-

684 3171 832 3261 miensi
850 3169 903 3286 (⁴)
923 3170 1188 3277 Castellanis²
1209 3168 1406 3281 Johannp
1429 3164 1744 3282 Suclcamerario
1763 3168 2085 3273 Sandomiriensi
2101 3166 2169 3282 (⁸),
2184 3168 2340 3257 Praed-

683 3293 803 3377 borio
826 3290 1110 3402 Subdapifero
1133 3292 1423 3395 Oraooviensi,
1444 3291 1633 3376 Petrasio
1656 3289 1927 3377 Oracoviansi
1946 3299 1990 3373 et
2010 3290 2218 3400 Spitlrone
2233 3289 2341 3376 san·

689 3411 927 3496 domiriensi
949 3440 1000 3493 ac
1022 3412 1115 3521 alijs
1150 3408 1340 3520 pluribus
1377 3409 1530 3494 nostris
1567 3409 1760 3495 fidelibus
1795 3408 2035 3521 fidedignis.
2086 3409 2247 3493 Datum
2265 3438 2340 3522 per

686 3558 835 3615 manus
857 3529 1071 3639 Janusszij
1095 3530 1277 3612 doctoris
1301 3527 1561 3612 decretorum
1583 3527 1830 3638 Cancellarij
1863 3527 2177 3633 Oraooviensis‚
2201 3537 2242 3643 et
2263 3527 2340 3613 do·

687 3651 838 3734 hannis
861 3650 912 3732 de
937 3646 1140 3733 Caeruleos
1163 3647 1494 3758 vicecancellarij
1512 3658 1763 3733 *nostrorum
1811 3646 2023 3756 Scriptum
2041 3670 2142 3733 vero
2162 3672 2237 3761 per
2258 3646 2339 3758 Sy·

687 3795 837 3852 monoz
860 3769 913 3850 de
933 3766 1123 3851 Roszlcow
1144 3768 1351 3851 notarium
1373 3776 1514 3851 nostre
1536 3767 1632 3852 aule
1652 3766 1840 3879 Regalis.

794 4030 835 4108 (³)
858 4027 1004 4105 Joannes
1018 3998 1062 4099 lle
1078 4028 1252 4119 aaran.
1380 4086 1385 4093 .
1462 4100 1465 4109 ,
1673 4092 1676 4099 .
1777 4090 1782 4109 ,
2045 4096 2049 4113 ,
2156 4106 2161 4119 ,
2190 4094 2208 4113 ,.

793 4115 833 4195 (⁴)
855 4112 1007 4183 Clemens
1024 4111 1062 4179 de
1080 4110 1220 4215 (lasciua,¹
1232 4116 1319 4179 conf.
1336 4113 1508 4217 Papi-cccii
1531 4112 1670 4203 „Herby
1684 4104 1875 4202 ryccrslrie¹'
1886 4134 1963 4213 pag.
1976 4106 2091 4179 'ld-4.
2192 4182 2196 4191 ,
2312 4208 2315 4215 .

689 4202 830 4366 eodiog)
854 4195 1010 4288 Magister
1027 4216 1136 4265 cunae
1151 4218 1284 4288 regmae
1302 4198 1509 4267 Polonrarum
1527 4199 1608 4267 1370
1625 4202 1692 4287 (ap.
1708 4199 2019 4286 szyszozewscnn
2042 4218 2143 4287 supra
2165 4197 2198 4264 in
2217 4208 2333 4266 nostro
