5409 6309
1074 755 1409 838 -fli:-·=

359 958 501 1042 'simne
522 977 691 1066 pereas
712 957 1022 1065 pervenientes,
1036 966 1139 1038 sunt
1153 954 1449 1050 libentissime
1470 963 1693 1065 exemptae
1723 969 1767 1046 et
1786 957 2035 1066 sidem'mo-

367 1076 549 1158 nasterio
571 1074 818 1179 collocatam
839 1075 907 1162 De
929 1071 1217 1180 Kreyslowioze
1239 1083 1395 1175 autem,
1433 1071 1643 1183 Mopilsnr',
1678 1073 1906 1182 Stiborzr'ce,
1942 1078 2036 1164 Cor·

368 1193 543 1296 dnonas,
561 1194 740 1303 deagris
754 1194 965 1308 duntaxat
985 1191 1229 1311 praedialiis
1250 1192 1306 1273 ad
1320 1194 1413 1299 jam
1434 1189 1597 1274 dictum
1611 1192 1753 1280 locum
1775 1196 2038 1307 dignoscitur

366 1322 411 1393 et
430 1305 628 1394 definitur
642 1311 866 1428 pertinere.
900 1311 959 1393 Et
973 1311 1084 1393 hanc
1100 1305 1274 1418 insuper
1291 1310 1477 1419 gratiam
1492 1310 1722 1416 specialem
1741 1323 1783 1396 et
1797 1313 2036 1406 libertatem

366 1439 539 1518 nostrae
552 1429 859 1537 jurisdictionis
881 1427 981 1512 huic
1001 1430 1255 1511 monasterio
1278 1424 1548 1529 conferimus
1570 1427 1608 1508 si
1629 1427 1772 1538 aliquo
1795 1458 1900 1513 casu
1921 1435 2037 1516 deoi-

204 1605 209 1610 -
367 1575 482 1631 mam
503 1547 692 1657 aliquam
714 1557 1136 1656 autpertemearum
1158 1546 1366 1653 desupra
1396 1544 1555 1646 notatis
1576 1544 1683 1626 villis
1706 1545 1761 1628 ab
1783 1548 1866 1632 hoo
1886 1579 2036 1650 mona·

366 1666 493 1748 sterio
515 1665 611 1775 quis
633 1663 778 1774 aliqua
800 1666 1027 1749 donatione
1050 1671 1123 1746 aut
1144 1662 1451 1745 consuetudine
1470 1662 1517 1742 in
1536 1663 1914 1771 praescriptionem
1927 1669 2036 1775 juris

365 1782 589 1881 induxerit,
613 1783 668 1865 ab
689 1783 784 1890 ipsa
800 1783 1137 1894 praescriptione
1156 1789 1303 1864 nostra
1324 1775 1578 1868 auctoritate
1593 1779 1708 1866 hunc
1727 1781 1870 1866 locum
1893 1788 2037 1870 em‘mi-

364 1927 472 2004 mus,
495 1909 539 1982 et
559 1903 632 2011 qui
653 1901 731 1983 has
753 1901 1063 1984 abalienaverit
1083 1906 1126 1979 et
1144 1899 1180 1980 is
1203 1899 1283 2009 qui.
1298 1899 1483 1984 tenuerit
1501 1905 1546 1980 et
1559 1925 1644 1983 non
1667 1925 1764 1982 cum
1777 1900 2035 1988 satisfactio·

365 2046 419 2102 ne
441 2019 681 2120 restitnerit,
701 2019 1039 2130 indignationem
1070 2013 1385 2126 Omnipotentis
1405 2015 1491 2097 Dei
1508 2017 1710 2122 incurrat
1748 2022 1953 2129 quoniam
1964 2022 2037 2131 ju5

346 2140 432 2220 ¹sto
446 2135 609 2244 judicio
623 2137 730 2245 juris
753 2137 957 2239 canonici,
995 2162 1081 2247 quo
1112 2133 1242 2243 pollet
1272 2133 1375 2218 ordo
1402 2134 1554 2226 horum
1591 2135 1922 2244 coenobitarum,
1954 2169 2035 2226 nee

364 2255 400 2337 is
421 2255 497 2364 qui
517 2263 641 2342 tenet,
649 2254 765 2362 juste
787 2256 888 2339 dare
908 2252 1107 2363 potuerit,
1128 2281 1210 2336 nec
1230 2251 1448 2361 accipiens
1472 2251 1589 2360 juste
1616 2261 1763 2338 tencre
1782 2260 1957 2365 poterit,
1992 2271 2035 2341 et

333 2427 336 2434 ι
363 2371 531 2458 similla
553 2374 674 2456 annis
694 2375 888 2476 tenuerit,
917 2375 1080 2456 ratione
1118 2369 1535 2456 circumstantiarum
1554 2375 1929 2478 praecedentium.
1978 2375 2039 2461 Ut
2123 2481 2128 2486 ι

365 2501 508 2576 autem
529 2491 637 2598 haec
657 2503 803 2576 nostro
824 2492 996 2576 donatio
1019 2491 1275 2576 inconcussa
1307 2497 1568 2599 permaneat,
1613 2493 1816 2604 memoria
1851 2503 1895 2604 et
1914 2495 2035 2577 testi·

239 2629 242 2634 ·
363 2611 553 2694 monium
574 2608 865 2720 ejusdemque,
886 2617 1131 2720 praesentes
1147 2608 1290 2704 literas
1306 2608 1440 2710 nostri
1460 2606 1586 2719 sigilli
1604 2611 1834 2698 munimine
1858 2610 2036 2722 dignum

364 2727 590 2810 statuimus
624 2727 925 2838 designandas.
972 2727 1088 2810 Acta
1107 2736 1209 2812 sunt
1228 2727 1337 2810 haec
1358 2728 1403 2808 in
1425 2724 1648 2822 Oracovia.
1696 2727 1822 2813 Anno
1859 2728 2034 2814 Domini

364 2844 581 2930 Millesimo
591 2845 893 2929 ducentesimo
910 2845 1272 2956 quinquagesimo
1289 2848 1454 2956 quinto.
1484 2844 1802 2930 Praesentibus:
1826 2846 2033 2930 Michaele

365 2960 606 3047 Castellano
649 2960 775 3044 Orac.
814 2961 1043 3045 Sandcone
1096 2959 1441 3069 Succamerari0‚
1478 2960 1679 3046 Johanne
1734 2962 2035 3069 Subpincerna

365 3079 532 3166 Orac...
556 3078 769 3185 Capitano
791 3078 948 3183 d'Osels,
981 3089 1025 3160 et
1061 3076 1248 3166 Arnoldo
1286 3080 1484 3187 capitano
1522 3087 1665 3164 nostro
1701 3087 1745 3162 st
1775 3079 1867 3164 aliis
1902 3109 2034 3193 quam

303 3189 315 3204 '
362 3195 553 3308 pluribus
574 3194 776 3280 militibus
797 3194 960 3284 idoneis
981 3195 1143 3282 clericis
1163 3206 1211 3281 et
1228 3197 1347 3284 laicis
1364 3192 1610 3309 fidedignis.

1109 3480 1293 3596 lll'llll

658 3699 1036 3795 cremonae,
1063 3697 1740 3824 enumeraremus
1879 3687 1885 3696 '

302 3863 306 3868 ’
364 3884 635 3957 nore-rans
657 3884 785 3958 nunu
802 3882 867 3956 ru
887 3884 1055 3959 annno
1072 3888 1107 3959 n
1121 3884 1328 3959 munnae
1349 3881 1562 3976 numan
1576 3896 1637 3956 no
1652 3881 1800 3984 tremo
1820 3887 1855 3958 n
1873 3886 1963 3977 nno
1983 3885 2035 3959 n·

351 3989 455 4047 10010
468 3971 543 4053 Albo
556 3971 743 4043 inmutatio
753 3970 931 4038 Diuturnae·
944 3969 1025 4044 {liu
1037 3971 1313 4128 magos&
1324 3985 1484 4139 &um
1498 3966 1649 4060 viram
1663 3968 1779 4042 orm
1805 3972 2034 4138 Μ.

339 4195 344 4200 ’
451 4229 519 4312 ‘In
535 4218 705 4313 nomine
726 4235 900 4312 sanctae
923 4227 1157 4342 Trinitatis,
1178 4240 1222 4312 et
1240 4226 1485 4310 indiuiduas
1520 4226 1696 4308 unitatis
1731 4226 1864 4336 patris
1899 4235 1942 4308 et
1960 4223 2033 4333 filij

366 4353 413 4448 et
428 4346 599 4455 spiritus
620 4348 760 4432 sancti
781 4371 916 4430 amen.
950 4341 1175 4452 Quoniam,
1195 4356 1245 4430 ut
1265 4349 1325 4429 ait
1345 4345 1530 4455 sapiens,
1552 4371 1638 4428 non
1660 4353 1724 4429 est
1738 4344 1924 4452 priorum
1944 4369 2034 4423 mc-

471 4545 514 4625 (¹)
533 4543 586 4608 Er
603 4543 796 4630 apographo
819 4546 855 4609 in
870 4542 1048 4610 Tabularlo
1077 4544 1213 4630 publico
1235 4544 1346 4630 Regni
1364 4541 1520 4607 Polonine
1550 4541 1713 4627 (Metryki
1725 4539 1800 4605 ker.
1814 4539 1891 4606 Vol.
1906 4542 1960 4617 82.
1973 4539 2032 4606 fol.

367 4629 430 4698 646
445 4639 510 4698 ets
556 4632 604 4712 q.)
631 4627 845 4696 doctissimus
872 4628 1310 4715 Muczkowskidescripsit-
1335 4625 1577 4726 'Apo'grapbon
1606 4648 1687 4693 vcro
1703 4626 1812 4694 l'uitin
1826 4635 1973 4692 trunsum
2000 4633 2040 4692 to
2111 4631 2133 4718 J

366 4714 401 4781 S'
428 4649 571 4779 ismuiidi
596 4714 754 4800 Augusti,
793 4711 997 4812 Sigismundi
1022 4712 1121 4814 primi
1142 4723 1177 4778 et
1202 4709 1358 4781 Cesimiri
1378 4732 1493 4808 ‘magur
1521 4711 1612 4811 (ride
1639 4710 1749 4810 iufra),
1764 4710 1934 4807 insertum
1974 4647 2036 4774 ¹ile

364 4797 401 4861 D
416 4801 511 4897 nonin
524 4797 821 4886 velImbramowicc
843 4796 929 4863 conl
953 4797 1164 4885 privilegium
1190 4795 1264 4866 LX.
1287 4794 1427 4862 Tomrl·
1443 4805 1551 4862 nostn
1574 4794 1713 4865 Codicis
1738 4805 1772 4861 et
1786 4803 2034 4860 annotatronen

367 4904 546 4970 praecipue
570 4886 598 4948 2.
1519 4915 1527 4920 ·

1897 4937 2035 5041 9.-
