<?xml version="1.0" encoding="UTF-8"?>
<!DOCTYPE html PUBLIC "-//W3C//DTD XHTML 1.0 Transitional//EN"
    "http://www.w3.org/TR/xhtml1/DTD/xhtml1-transitional.dtd">
<html xmlns="http://www.w3.org/1999/xhtml" xml:lang="en" lang="en">
 <head>
  <title>
</title>
<meta http-equiv="Content-Type" content="text/html;charset=utf-8" />
  <meta name='ocr-system' content='tesseract 3.04.00' />
  <meta name='ocr-capabilities' content='ocr_page ocr_carea ocr_par ocr_line ocrx_word'/>
</head>
<body>
  <div class='ocr_page' id='page_1' title='image "./codexdiplomatic00bobogoog_0485.png"; bbox 0 0 5409 6309; ppageno 0'>
   <div class='ocr_carea' id='block_1_1' title="bbox 1004 873 1278 945">
    <p class='ocr_par' dir='ltr' id='par_1_1' title="bbox 1004 873 1278 945">
     <span class='ocr_line' id='line_1_1' title="bbox 1004 873 1278 945; baseline -0.007 -19"><span class='ocrx_word' id='word_1_1' title='bbox 1004 873 1278 945; x_wconf 71' lang='lat'>..425-</span> 
     </span>
    </p>
   </div>
   <div class='ocr_carea' id='block_1_2' title="bbox 318 1071 1969 1901">
    <p class='ocr_par' dir='ltr' id='par_1_2' title="bbox 318 1071 1969 1901">
     <span class='ocr_line' id='line_1_2' title="bbox 321 1071 1966 1186; baseline 0.002 -29"><span class='ocrx_word' id='word_1_2' title='bbox 321 1073 576 1185; x_wconf 89' lang='lat' dir='ltr'>dempnauit.</span> <span class='ocrx_word' id='word_1_3' title='bbox 610 1071 803 1158; x_wconf 80' lang='lat' dir='ltr'><strong>Tandem</strong></span> <span class='ocrx_word' id='word_1_4' title='bbox 823 1071 926 1156; x_wconf 85' lang='lat' dir='ltr'>feria</span> <span class='ocrx_word' id='word_1_5' title='bbox 947 1087 1100 1186; x_wconf 86' lang='lat' dir='ltr'>quarte</span> <span class='ocrx_word' id='word_1_6' title='bbox 1122 1081 1218 1158; x_wconf 89' lang='lat' dir='ltr'>ante</span> <span class='ocrx_word' id='word_1_7' title='bbox 1234 1072 1386 1157; x_wconf 82' lang='lat' dir='ltr'>festum</span> <span class='ocrx_word' id='word_1_8' title='bbox 1402 1074 1687 1161; x_wconf 84' lang='lat' dir='ltr'>Exaltaeiunis</span> <span class='ocrx_word' id='word_1_9' title='bbox 1698 1087 1847 1160; x_wconf 82' lang='lat' dir='ltr'>sancte</span> <span class='ocrx_word' id='word_1_10' title='bbox 1860 1076 1966 1162; x_wconf 83' lang='lat' dir='ltr'>Oru-</span> 
     </span>
     <span class='ocr_line' id='line_1_3' title="bbox 321 1192 1966 1306; baseline 0.001 -30"><span class='ocrx_word' id='word_1_11' title='bbox 321 1195 380 1276; x_wconf 85' lang='lat' dir='ltr'>eis</span> <span class='ocrx_word' id='word_1_12' title='bbox 403 1220 514 1278; x_wconf 87' lang='lat' dir='ltr'>enno</span> <span class='ocrx_word' id='word_1_13' title='bbox 536 1195 695 1295; x_wconf 89' lang='lat' dir='ltr'>eudem,</span> <span class='ocrx_word' id='word_1_14' title='bbox 716 1192 903 1302; x_wconf 84' lang='lat' dir='ltr'>prefatus</span> <span class='ocrx_word' id='word_1_15' title='bbox 926 1196 1117 1278; x_wconf 81' lang='lat' dir='ltr'>dominus</span> <span class='ocrx_word' id='word_1_16' title='bbox 1139 1194 1405 1280; x_wconf 82' lang='lat' dir='ltr'>Castellanus</span> <span class='ocrx_word' id='word_1_17' title='bbox 1429 1195 1585 1279; x_wconf 85' lang='lat' dir='ltr'>dietum</span> <span class='ocrx_word' id='word_1_18' title='bbox 1617 1196 1829 1280; x_wconf 87' lang='lat' dir='ltr'>dominum</span> <span class='ocrx_word' id='word_1_19' title='bbox 1851 1194 1966 1306; x_wconf 92' lang='lat' dir='ltr'>Zup·</span> 
     </span>
     <span class='ocr_line' id='line_1_4' title="bbox 319 1311 1965 1427; baseline 0.002 -32"><span class='ocrx_word' id='word_1_20' title='bbox 319 1314 483 1423; x_wconf 86' lang='lat' dir='ltr'>parium</span> <span class='ocrx_word' id='word_1_21' title='bbox 502 1311 545 1395; x_wconf 89' lang='lat' dir='ltr'>in</span> <span class='ocrx_word' id='word_1_22' title='bbox 565 1316 742 1397; x_wconf 87' lang='lat' dir='ltr'>termino</span> <span class='ocrx_word' id='word_1_23' title='bbox 765 1314 993 1398; x_wconf 84' lang='lat' dir='ltr'>euncittato</span> <span class='ocrx_word' id='word_1_24' title='bbox 1016 1316 1072 1397; x_wconf 92' lang='lat' dir='ltr'>ad</span> <span class='ocrx_word' id='word_1_25' title='bbox 1093 1314 1423 1398; x_wconf 86' lang='lat' dir='ltr'>satisfacendum</span> <span class='ocrx_word' id='word_1_26' title='bbox 1458 1323 1502 1395; x_wconf 94' lang='lat' dir='ltr'>et</span> <span class='ocrx_word' id='word_1_27' title='bbox 1538 1316 1580 1396; x_wconf 91' lang='lat' dir='ltr'>in</span> <span class='ocrx_word' id='word_1_28' title='bbox 1618 1316 1793 1400; x_wconf 89' lang='lat' dir='ltr'>termino</span> <span class='ocrx_word' id='word_1_29' title='bbox 1815 1316 1856 1398; x_wconf 91' lang='lat' dir='ltr'>in</span> <span class='ocrx_word' id='word_1_30' title='bbox 1881 1343 1965 1427; x_wconf 87' lang='lat' dir='ltr'>qno</span> 
     </span>
     <span class='ocr_line' id='line_1_5' title="bbox 321 1431 1969 1543; baseline 0.001 -29"><span class='ocrx_word' id='word_1_31' title='bbox 321 1434 465 1515; x_wconf 89' lang='lat' dir='ltr'>audire</span> <span class='ocrx_word' id='word_1_32' title='bbox 488 1431 636 1515; x_wconf 84' lang='lat' dir='ltr'>debuit</span> <span class='ocrx_word' id='word_1_33' title='bbox 654 1437 888 1516; x_wconf 88' lang='lat' dir='ltr'>iuramenta</span> <span class='ocrx_word' id='word_1_34' title='bbox 908 1461 1033 1540; x_wconf 88' lang='lat' dir='ltr'>super</span> <span class='ocrx_word' id='word_1_35' title='bbox 1055 1436 1240 1542; x_wconf 88' lang='lat' dir='ltr'>dampna</span> <span class='ocrx_word' id='word_1_36' title='bbox 1275 1461 1350 1543; x_wconf 91' lang='lat' dir='ltr'>pro</span> <span class='ocrx_word' id='word_1_37' title='bbox 1381 1432 1462 1541; x_wconf 86' lang='lat' dir='ltr'>hijs</span> <span class='ocrx_word' id='word_1_38' title='bbox 1497 1436 1540 1515; x_wconf 91' lang='lat' dir='ltr'>in</span> <span class='ocrx_word' id='word_1_39' title='bbox 1577 1434 1732 1541; x_wconf 88' lang='lat' dir='ltr'>quibus</span> <span class='ocrx_word' id='word_1_40' title='bbox 1767 1434 1905 1542; x_wconf 90' lang='lat' dir='ltr'>ipsum</span> <span class='ocrx_word' id='word_1_41' title='bbox 1924 1434 1969 1516; x_wconf 89' lang='lat' dir='ltr'>in</span> 
     </span>
     <span class='ocr_line' id='line_1_6' title="bbox 318 1549 1965 1661; baseline 0.001 -26"><span class='ocrx_word' id='word_1_42' title='bbox 318 1551 492 1635; x_wconf 89' lang='lat' dir='ltr'>terminu</span> <span class='ocrx_word' id='word_1_43' title='bbox 513 1551 764 1660; x_wconf 84' lang='lat' dir='ltr'>peremtoria</span> <span class='ocrx_word' id='word_1_44' title='bbox 788 1551 1176 1658; x_wconf 84' lang='lat' dir='ltr'>condempnauerat</span> <span class='ocrx_word' id='word_1_45' title='bbox 1195 1552 1370 1635; x_wconf 86' lang='lat' dir='ltr'>iuridice</span> <span class='ocrx_word' id='word_1_46' title='bbox 1389 1549 1727 1661; x_wconf 82' lang='lat' dir='ltr'>condempnauit.</span> <span class='ocrx_word' id='word_1_47' title='bbox 1761 1553 1843 1638; x_wconf 84' lang='lat' dir='ltr'>Oui</span> <span class='ocrx_word' id='word_1_48' title='bbox 1862 1563 1965 1637; x_wconf 86' lang='lat' dir='ltr'>tunc</span> 
     </span>
     <span class='ocr_line' id='line_1_7' title="bbox 322 1668 1969 1782; baseline 0.001 -28"><span class='ocrx_word' id='word_1_49' title='bbox 322 1670 487 1756; x_wconf 88' lang='lat' dir='ltr'>dominu</span> <span class='ocrx_word' id='word_1_50' title='bbox 511 1668 751 1771; x_wconf 82' lang='lat' dir='ltr'>Castellano</span> <span class='ocrx_word' id='word_1_51' title='bbox 774 1668 919 1756; x_wconf 79' lang='lat' dir='ltr'>Saitho</span> <span class='ocrx_word' id='word_1_52' title='bbox 941 1669 1221 1754; x_wconf 82' lang='lat' dir='ltr'>Ministerielis</span> <span class='ocrx_word' id='word_1_53' title='bbox 1244 1672 1368 1753; x_wconf 88' lang='lat' dir='ltr'>datus</span> <span class='ocrx_word' id='word_1_54' title='bbox 1405 1668 1484 1752; x_wconf 87' lang='lat' dir='ltr'>fuit</span> <span class='ocrx_word' id='word_1_55' title='bbox 1521 1671 1573 1753; x_wconf 89' lang='lat' dir='ltr'>de</span> <span class='ocrx_word' id='word_1_56' title='bbox 1594 1668 1700 1753; x_wconf 86' lang='lat' dir='ltr'>Jure</span> <span class='ocrx_word' id='word_1_57' title='bbox 1727 1699 1802 1781; x_wconf 90' lang='lat' dir='ltr'>pro</span> <span class='ocrx_word' id='word_1_58' title='bbox 1823 1675 1969 1782; x_wconf 85' lang='lat' dir='ltr'>prima,</span> 
     </span>
     <span class='ocr_line' id='line_1_8' title="bbox 321 1783 1968 1901; baseline 0.002 -30"><span class='ocrx_word' id='word_1_59' title='bbox 321 1788 509 1873; x_wconf 86' lang='lat' dir='ltr'>secunda</span> <span class='ocrx_word' id='word_1_60' title='bbox 532 1800 574 1870; x_wconf 89' lang='lat' dir='ltr'>et</span> <span class='ocrx_word' id='word_1_61' title='bbox 593 1793 725 1872; x_wconf 81' lang='lat' dir='ltr'>tercia</span> <span class='ocrx_word' id='word_1_62' title='bbox 745 1789 908 1873; x_wconf 81' lang='lat' dir='ltr'>vicibus</span> <span class='ocrx_word' id='word_1_63' title='bbox 930 1792 1170 1875; x_wconf 85' lang='lat' dir='ltr'>suceessiue</span> <span class='ocrx_word' id='word_1_64' title='bbox 1201 1790 1256 1872; x_wconf 89' lang='lat' dir='ltr'>ad</span> <span class='ocrx_word' id='word_1_65' title='bbox 1277 1789 1590 1901; x_wconf 83' lang='lat' dir='ltr'>pignorandum</span> <span class='ocrx_word' id='word_1_66' title='bbox 1621 1783 1797 1872; x_wconf 88' lang='lat' dir='ltr'>eundem</span> <span class='ocrx_word' id='word_1_67' title='bbox 1837 1789 1968 1875; x_wconf 89' lang='lat' dir='ltr'>domi·</span> 
     </span>
    </p>
   </div>
   <div class='ocr_carea' id='block_1_3' title="bbox 317 1905 2023 4409">
    <p class='ocr_par' dir='ltr' id='par_1_3' title="bbox 317 1905 2023 4409">
     <span class='ocr_line' id='line_1_9' title="bbox 321 1905 1970 2022; baseline 0.001 -32"><span class='ocrx_word' id='word_1_68' title='bbox 321 1936 420 1991; x_wconf 91' lang='lat' dir='ltr'>num</span> <span class='ocrx_word' id='word_1_69' title='bbox 443 1906 714 2018; x_wconf 86' lang='lat' dir='ltr'>Zupparium.</span> <span class='ocrx_word' id='word_1_70' title='bbox 747 1905 830 2008; x_wconf 80' lang='lat' dir='ltr'>Qui</span> <span class='ocrx_word' id='word_1_71' title='bbox 850 1938 926 2020; x_wconf 88' lang='lat' dir='ltr'>pru</span> <span class='ocrx_word' id='word_1_72' title='bbox 947 1911 1081 2020; x_wconf 89' lang='lat' dir='ltr'>prima</span> <span class='ocrx_word' id='word_1_73' title='bbox 1102 1911 1193 1993; x_wconf 87' lang='lat' dir='ltr'>viee</span> <span class='ocrx_word' id='word_1_74' title='bbox 1217 1910 1334 1991; x_wconf 84' lang='lat' dir='ltr'>dedit</span> <span class='ocrx_word' id='word_1_75' title='bbox 1355 1918 1538 2015; x_wconf 89' lang='lat' dir='ltr'>quatuor</span> <span class='ocrx_word' id='word_1_76' title='bbox 1566 1935 1699 2018; x_wconf 87' lang='lat' dir='ltr'>eques</span> <span class='ocrx_word' id='word_1_77' title='bbox 1720 1910 1762 1992; x_wconf 91' lang='lat' dir='ltr'>in</span> <span class='ocrx_word' id='word_1_78' title='bbox 1782 1911 1970 2022; x_wconf 87' lang='lat' dir='ltr'>pignore.</span> 
     </span>
     <span class='ocr_line' id='line_1_10' title="bbox 319 2025 1969 2140; baseline 0.001 -29"><span class='ocrx_word' id='word_1_79' title='bbox 319 2027 402 2111; x_wconf 85' lang='lat' dir='ltr'>Pro</span> <span class='ocrx_word' id='word_1_80' title='bbox 423 2030 609 2111; x_wconf 82' lang='lat' dir='ltr'>secunda</span> <span class='ocrx_word' id='word_1_81' title='bbox 629 2057 728 2114; x_wconf 88' lang='lat' dir='ltr'>vero</span> <span class='ocrx_word' id='word_1_82' title='bbox 751 2042 794 2110; x_wconf 88' lang='lat' dir='ltr'>et</span> <span class='ocrx_word' id='word_1_83' title='bbox 814 2030 944 2111; x_wconf 79' lang='lat' dir='ltr'>tercia</span> <span class='ocrx_word' id='word_1_84' title='bbox 966 2030 1129 2113; x_wconf 87' lang='lat' dir='ltr'>vicibus</span> <span class='ocrx_word' id='word_1_85' title='bbox 1151 2025 1433 2112; x_wconf 85' lang='lat' dir='ltr'>Ministerialis</span> <span class='ocrx_word' id='word_1_86' title='bbox 1463 2029 1643 2140; x_wconf 84' lang='lat' dir='ltr'>pignora</span> <span class='ocrx_word' id='word_1_87' title='bbox 1677 2055 1762 2113; x_wconf 90' lang='lat' dir='ltr'>non</span> <span class='ocrx_word' id='word_1_88' title='bbox 1797 2031 1969 2130; x_wconf 85' lang='lat' dir='ltr'>invenit,</span> 
     </span>
     <span class='ocr_line' id='line_1_11' title="bbox 321 2145 1977 2260; baseline 0.002 -31"><span class='ocrx_word' id='word_1_89' title='bbox 321 2147 436 2260; x_wconf 91' lang='lat' dir='ltr'>quod</span> <span class='ocrx_word' id='word_1_90' title='bbox 458 2156 501 2230; x_wconf 92' lang='lat' dir='ltr'>et</span> <span class='ocrx_word' id='word_1_91' title='bbox 522 2177 663 2233; x_wconf 86' lang='lat' dir='ltr'>coram</span> <span class='ocrx_word' id='word_1_92' title='bbox 685 2146 854 2232; x_wconf 80' lang='lat' dir='ltr'>Judieio</span> <span class='ocrx_word' id='word_1_93' title='bbox 875 2149 1137 2258; x_wconf 75' lang='lat' dir='ltr'><strong>recognovit.</strong></span> <span class='ocrx_word' id='word_1_94' title='bbox 1170 2148 1354 2232; x_wconf 91' lang='lat' dir='ltr'>Demum</span> <span class='ocrx_word' id='word_1_95' title='bbox 1369 2146 1472 2231; x_wconf 88' lang='lat' dir='ltr'>feria</span> <span class='ocrx_word' id='word_1_96' title='bbox 1488 2148 1678 2231; x_wconf 86' lang='lat' dir='ltr'>secunda</span> <span class='ocrx_word' id='word_1_97' title='bbox 1698 2159 1795 2258; x_wconf 88' lang='lat' dir='ltr'>post</span> <span class='ocrx_word' id='word_1_98' title='bbox 1815 2145 1977 2233; x_wconf 82' lang='lat' dir='ltr'>festum.</span> 
     </span>
     <span class='ocr_line' id='line_1_12' title="bbox 321 2263 1972 2381; baseline 0.001 -31"><span class='ocrx_word' id='word_1_99' title='bbox 321 2267 506 2350; x_wconf 84' lang='lat' dir='ltr'>omnium</span> <span class='ocrx_word' id='word_1_100' title='bbox 542 2283 780 2351; x_wconf 81' lang='lat' dir='ltr'>sanctorum</span> <span class='ocrx_word' id='word_1_101' title='bbox 823 2296 932 2352; x_wconf 86' lang='lat' dir='ltr'>anno</span> <span class='ocrx_word' id='word_1_102' title='bbox 971 2295 1055 2376; x_wconf 90' lang='lat' dir='ltr'>quo</span> <span class='ocrx_word' id='word_1_103' title='bbox 1093 2294 1221 2377; x_wconf 87' lang='lat' dir='ltr'>supra</span> <span class='ocrx_word' id='word_1_104' title='bbox 1257 2267 1497 2350; x_wconf 82' lang='lat' dir='ltr'>immediate</span> <span class='ocrx_word' id='word_1_105' title='bbox 1520 2263 1617 2381; x_wconf 84' lang='lat' dir='ltr'>(sie)</span> <span class='ocrx_word' id='word_1_106' title='bbox 1638 2266 1829 2378; x_wconf 87' lang='lat' dir='ltr'>prelatus</span> <span class='ocrx_word' id='word_1_107' title='bbox 1850 2268 1972 2353; x_wconf 91' lang='lat' dir='ltr'>Mini-</span> 
     </span>
     <span class='ocr_line' id='line_1_13' title="bbox 321 2382 1973 2498; baseline 0.004 -33"><span class='ocrx_word' id='word_1_108' title='bbox 321 2385 497 2467; x_wconf 86' lang='lat' dir='ltr'>sterialis</span> <span class='ocrx_word' id='word_1_109' title='bbox 521 2383 695 2473; x_wconf 87' lang='lat' dir='ltr'>Szlthko</span> <span class='ocrx_word' id='word_1_110' title='bbox 734 2387 858 2470; x_wconf 82' lang='lat' dir='ltr'>dutus</span> <span class='ocrx_word' id='word_1_111' title='bbox 890 2397 953 2470; x_wconf 89' lang='lat' dir='ltr'>est</span> <span class='ocrx_word' id='word_1_112' title='bbox 975 2389 1026 2469; x_wconf 91' lang='lat' dir='ltr'>de</span> <span class='ocrx_word' id='word_1_113' title='bbox 1042 2387 1138 2497; x_wconf 88' lang='lat' dir='ltr'>jure</span> <span class='ocrx_word' id='word_1_114' title='bbox 1159 2382 1323 2498; x_wconf 80' lang='lat' dir='ltr'>prefato</span> <span class='ocrx_word' id='word_1_115' title='bbox 1362 2386 1529 2472; x_wconf 88' lang='lat' dir='ltr'>dominu</span> <span class='ocrx_word' id='word_1_116' title='bbox 1567 2384 1813 2471; x_wconf 81' lang='lat' dir='ltr'>Castellano</span> <span class='ocrx_word' id='word_1_117' title='bbox 1835 2388 1889 2471; x_wconf 85' lang='lat' dir='ltr'>ad</span> <span class='ocrx_word' id='word_1_118' title='bbox 1909 2389 1973 2471; x_wconf 92' lang='lat' dir='ltr'>in-</span> 
     </span>
     <span class='ocr_line' id='line_1_14' title="bbox 319 2504 1973 2625; baseline 0.003 -39"><span class='ocrx_word' id='word_1_119' title='bbox 319 2506 668 2595; x_wconf 84' lang='lat' dir='ltr'>tremittendum</span> <span class='ocrx_word' id='word_1_120' title='bbox 657 2504 834 2590; x_wconf 82' lang='lat' dir='ltr'>mbona</span> <span class='ocrx_word' id='word_1_121' title='bbox 870 2507 970 2590; x_wconf 84' lang='lat' dir='ltr'>dieti</span> <span class='ocrx_word' id='word_1_122' title='bbox 1008 2508 1164 2625; x_wconf 85' lang='lat' dir='ltr'>domini</span> <span class='ocrx_word' id='word_1_123' title='bbox 1199 2506 1390 2616; x_wconf 86' lang='lat' dir='ltr'>zupparij</span> <span class='ocrx_word' id='word_1_124' title='bbox 1427 2533 1501 2612; x_wconf 88' lang='lat' dir='ltr'>pro</span> <span class='ocrx_word' id='word_1_125' title='bbox 1537 2506 1685 2615; x_wconf 87' lang='lat' dir='ltr'>primo.</span> <span class='ocrx_word' id='word_1_126' title='bbox 1736 2505 1973 2591; x_wconf 86' lang='lat' dir='ltr'>Novissime</span> 
     </span>
     <span class='ocr_line' id='line_1_15' title="bbox 321 2617 1975 2728; baseline 0.004 -23"><span class='ocrx_word' id='word_1_127' title='bbox 321 2633 475 2728; x_wconf 85' lang='lat' dir='ltr'>autem,</span> <span class='ocrx_word' id='word_1_128' title='bbox 497 2625 692 2709; x_wconf 83' lang='lat' dir='ltr'>videlieet</span> <span class='ocrx_word' id='word_1_129' title='bbox 712 2635 807 2708; x_wconf 84' lang='lat' dir='ltr'>sext</span> <span class='ocrx_word' id='word_1_130' title='bbox 809 2655 834 2708; x_wconf 91' lang='lat' dir='ltr'>a</span> <span class='ocrx_word' id='word_1_131' title='bbox 790 2622 1062 2710; x_wconf 86' lang='lat' dir='ltr'>tferiat</span> <span class='ocrx_word' id='word_1_132' title='bbox 988 2617 1085 2708; x_wconf 80' lang='lat' dir='ltr'>unte</span> <span class='ocrx_word' id='word_1_133' title='bbox 1064 2626 1188 2709; x_wconf 83' lang='lat' dir='ltr'>etfes</span> <span class='ocrx_word' id='word_1_134' title='bbox 1172 2638 1260 2709; x_wconf 92' lang='lat' dir='ltr'>tum</span> <span class='ocrx_word' id='word_1_135' title='bbox 1296 2627 1432 2709; x_wconf 87' lang='lat' dir='ltr'>sancti</span> <span class='ocrx_word' id='word_1_136' title='bbox 1469 2623 1638 2709; x_wconf 85' lang='lat' dir='ltr'>Martini</span> <span class='ocrx_word' id='word_1_137' title='bbox 1679 2653 1788 2711; x_wconf 87' lang='lat' dir='ltr'>anno</span> <span class='ocrx_word' id='word_1_138' title='bbox 1826 2623 1975 2712; x_wconf 83' lang='lat' dir='ltr'>eedem</span> 
     </span>
     <span class='ocr_line' id='line_1_16' title="bbox 319 2740 1976 2882; baseline 0.003 -56"><span class='ocrx_word' id='word_1_139' title='bbox 319 2740 512 2828; x_wconf 80' lang='lat' dir='ltr'>Andreas</span> <span class='ocrx_word' id='word_1_140' title='bbox 536 2740 635 2831; x_wconf 86' lang='lat' dir='ltr'>Griz</span> <span class='ocrx_word' id='word_1_141' title='bbox 656 2743 799 2835; x_wconf 84' lang='lat' dir='ltr'>Minist</span> <span class='ocrx_word' id='word_1_142' title='bbox 782 2745 937 2829; x_wconf 84' lang='lat' dir='ltr'>terialis</span> <span class='ocrx_word' id='word_1_143' title='bbox 976 2745 1049 2827; x_wconf 89' lang='lat' dir='ltr'>dat</span> <span class='ocrx_word' id='word_1_144' title='bbox 1033 2758 1100 2828; x_wconf 89' lang='lat' dir='ltr'>tus</span> <span class='ocrx_word' id='word_1_145' title='bbox 1138 2746 1238 2828; x_wconf 90' lang='lat' dir='ltr'>de</span> <span class='ocrx_word' id='word_1_146' title='bbox 1219 2773 1316 2854; x_wconf 80' lang='lat' dir='ltr'>Jure</span> <span class='ocrx_word' id='word_1_147' title='bbox 1339 2745 1559 2882; x_wconf 81' lang='lat' dir='ltr'>sepedicto</span> <span class='ocrx_word' id='word_1_148' title='bbox 1581 2745 1749 2829; x_wconf 88' lang='lat' dir='ltr'>domino</span> <span class='ocrx_word' id='word_1_149' title='bbox 1784 2743 1976 2831; x_wconf 60' lang='lat' dir='ltr'>«Iohanni</span> 
     </span>
     <span class='ocr_line' id='line_1_17' title="bbox 320 2859 1976 2950; baseline 0.002 -4"><span class='ocrx_word' id='word_1_150' title='bbox 320 2859 565 2946; x_wconf 78' lang='lat' dir='ltr'>castellano</span> <span class='ocrx_word' id='word_1_151' title='bbox 588 2862 861 2950; x_wconf 85' lang='lat' dir='ltr'>Oraeuuiensi</span> <span class='ocrx_word' id='word_1_152' title='bbox 895 2865 951 2946; x_wconf 88' lang='lat' dir='ltr'>ad</span> <span class='ocrx_word' id='word_1_153' title='bbox 987 2863 1394 2947; x_wconf 87' lang='lat' dir='ltr'>intromittendum</span> <span class='ocrx_word' id='word_1_154' title='bbox 1384 2895 1426 2945; x_wconf 93' lang='grc' dir='ltr'>ιιι</span> <span class='ocrx_word' id='word_1_155' title='bbox 1461 2862 1574 2948; x_wconf 87' lang='lat' dir='ltr'>bone</span> <span class='ocrx_word' id='word_1_156' title='bbox 1610 2863 1797 2946; x_wconf 89' lang='lat' dir='ltr'>eiusdem</span> <span class='ocrx_word' id='word_1_157' title='bbox 1818 2863 1976 2950; x_wconf 91' lang='lat' dir='ltr'>domini</span> 
     </span>
     <span class='ocr_line' id='line_1_18' title="bbox 319 2978 1974 3108; baseline 0.003 -44"><span class='ocrx_word' id='word_1_158' title='bbox 319 2978 553 3108; x_wconf 85' lang='lat' dir='ltr'>Zupparij</span> <span class='ocrx_word' id='word_1_159' title='bbox 542 3011 627 3064; x_wconf 81' lang='lat' dir='ltr'>ram</span> <span class='ocrx_word' id='word_1_160' title='bbox 650 2981 835 3066; x_wconf 86' lang='lat' dir='ltr'>defunut</span> <span class='ocrx_word' id='word_1_161' title='bbox 806 2992 837 3064; x_wconf 84' lang='lat' dir='ltr'>tr</span> <span class='ocrx_word' id='word_1_162' title='bbox 857 2983 1031 3063; x_wconf 81' lang='lat' dir='ltr'>veniens</span> <span class='ocrx_word' id='word_1_163' title='bbox 1052 2985 1314 3093; x_wconf 79' lang='lat' dir='ltr'>recognouit</span> <span class='ocrx_word' id='word_1_164' title='bbox 1349 2980 1461 3082; x_wconf 81' lang='lat' dir='ltr'>Quia</span> <span class='ocrx_word' id='word_1_165' title='bbox 1483 2980 1744 3065; x_wconf 78' lang='lat' dir='ltr'>Venerabilis</span> <span class='ocrx_word' id='word_1_166' title='bbox 1782 2981 1974 3069; x_wconf 78' lang='lat' dir='ltr'>dominus</span> 
     </span>
     <span class='ocr_line' id='line_1_19' title="bbox 317 3087 1976 3208; baseline 0.001 -24"><span class='ocrx_word' id='word_1_167' title='bbox 317 3099 469 3184; x_wconf 89' lang='lat' dir='ltr'>Petrus</span> <span class='ocrx_word' id='word_1_168' title='bbox 491 3087 730 3208; x_wconf 58' lang='lat' dir='ltr'>prepositus</span> <span class='ocrx_word' id='word_1_169' title='bbox 754 3097 1105 3183; x_wconf 87' lang='lat' dir='ltr'>Sandumiriensis</span> <span class='ocrx_word' id='word_1_170' title='bbox 1130 3116 1171 3183; x_wconf 88' lang='lat' dir='ltr'>et</span> <span class='ocrx_word' id='word_1_171' title='bbox 1192 3101 1433 3187; x_wconf 86' lang='lat' dir='ltr'>Oanonieus</span> <span class='ocrx_word' id='word_1_172' title='bbox 1457 3101 1753 3188; x_wconf 83' lang='lat' dir='ltr'>Oracouiensis</span> <span class='ocrx_word' id='word_1_173' title='bbox 1787 3093 1976 3186; x_wconf 89' lang='lat' dir='ltr'>eiusdem</span> 
     </span>
     <span class='ocr_line' id='line_1_20' title="bbox 320 3217 1976 3332; baseline 0.002 -29"><span class='ocrx_word' id='word_1_174' title='bbox 320 3219 477 3303; x_wconf 90' lang='lat' dir='ltr'>domini</span> <span class='ocrx_word' id='word_1_175' title='bbox 499 3217 700 3330; x_wconf 86' lang='lat' dir='ltr'>Zupparlj</span> <span class='ocrx_word' id='word_1_176' title='bbox 722 3218 844 3323; x_wconf 86' lang='lat' dir='ltr'>filius,</span> <span class='ocrx_word' id='word_1_177' title='bbox 866 3220 939 3330; x_wconf 90' lang='lat' dir='ltr'>qui</span> <span class='ocrx_word' id='word_1_178' title='bbox 968 3223 1177 3302; x_wconf 80' lang='lat' dir='ltr'>successit</span> <span class='ocrx_word' id='word_1_179' title='bbox 1196 3221 1239 3303; x_wconf 90' lang='lat' dir='ltr'>in</span> <span class='ocrx_word' id='word_1_180' title='bbox 1261 3220 1473 3304; x_wconf 85' lang='lat' dir='ltr'>bunat</span> <span class='ocrx_word' id='word_1_181' title='bbox 1396 3251 1453 3332; x_wconf 86' lang='lat' dir='ltr'>pa</span> <span class='ocrx_word' id='word_1_182' title='bbox 1456 3222 1530 3304; x_wconf 89' lang='lat' dir='ltr'>tris</span> <span class='ocrx_word' id='word_1_183' title='bbox 1551 3223 1628 3325; x_wconf 88' lang='lat' dir='ltr'>sui,</span> <span class='ocrx_word' id='word_1_184' title='bbox 1664 3229 1764 3331; x_wconf 88' lang='lat' dir='ltr'>post</span> <span class='ocrx_word' id='word_1_185' title='bbox 1798 3232 1976 3306; x_wconf 87' lang='lat' dir='ltr'>mortem</span> 
     </span>
     <span class='ocr_line' id='line_1_21' title="bbox 319 3337 1978 3455; baseline 0.005 -35"><span class='ocrx_word' id='word_1_186' title='bbox 319 3339 449 3448; x_wconf 88' lang='lat' dir='ltr'>ipsius</span> <span class='ocrx_word' id='word_1_187' title='bbox 471 3337 616 3420; x_wconf 89' lang='lat' dir='ltr'>nolens</span> <span class='ocrx_word' id='word_1_188' title='bbox 647 3367 692 3421; x_wconf 85' lang='lat' dir='ltr'>se</span> <span class='ocrx_word' id='word_1_189' title='bbox 715 3340 815 3422; x_wconf 85' lang='lat' dir='ltr'>dare</span> <span class='ocrx_word' id='word_1_190' title='bbox 838 3337 1141 3448; x_wconf 86' lang='lat' dir='ltr'>dampnifieare</span> <span class='ocrx_word' id='word_1_191' title='bbox 1182 3342 1438 3449; x_wconf 85' lang='lat' dir='ltr'>peramplius</span> <span class='ocrx_word' id='word_1_192' title='bbox 1474 3341 1629 3425; x_wconf 83' lang='lat' dir='ltr'>talibus</span> <span class='ocrx_word' id='word_1_193' title='bbox 1665 3337 1978 3455; x_wconf 74' lang='lat' dir='ltr'>pignorauioni·</span> 
     </span>
     <span class='ocr_line' id='line_1_22' title="bbox 319 3456 2023 3572; baseline 0.004 -31"><span class='ocrx_word' id='word_1_194' title='bbox 319 3456 400 3541; x_wconf 88' lang='lat' dir='ltr'>bus</span> <span class='ocrx_word' id='word_1_195' title='bbox 423 3467 466 3540; x_wconf 87' lang='lat' dir='ltr'>et</span> <span class='ocrx_word' id='word_1_196' title='bbox 486 3457 725 3541; x_wconf 87' lang='lat' dir='ltr'>huiusmodi</span> <span class='ocrx_word' id='word_1_197' title='bbox 765 3458 901 3541; x_wconf 91' lang='lat' dir='ltr'>eidem</span> <span class='ocrx_word' id='word_1_198' title='bbox 937 3459 1105 3543; x_wconf 88' lang='lat' dir='ltr'>domino</span> <span class='ocrx_word' id='word_1_199' title='bbox 1143 3457 1383 3545; x_wconf 81' lang='lat' dir='ltr'>Castellanu</span> <span class='ocrx_word' id='word_1_200' title='bbox 1408 3459 1686 3546; x_wconf 83' lang='lat' dir='ltr'>Oraeouiensi</span> <span class='ocrx_word' id='word_1_201' title='bbox 1704 3463 1748 3544; x_wconf 91' lang='lat' dir='ltr'>in</span> <span class='ocrx_word' id='word_1_202' title='bbox 1769 3461 1974 3572; x_wconf 85' lang='lat' dir='ltr'>piscinam</span> <span class='ocrx_word' id='word_1_203' title='bbox 2018 3547 2023 3570; x_wconf 73' lang='grc'>,</span> 
     </span>
     <span class='ocr_line' id='line_1_23' title="bbox 319 3575 1977 3694; baseline 0.002 -32"><span class='ocrx_word' id='word_1_204' title='bbox 319 3588 418 3686; x_wconf 89' lang='lat' dir='ltr'>post</span> <span class='ocrx_word' id='word_1_205' title='bbox 436 3575 708 3660; x_wconf 85' lang='lat' dir='ltr'>Kazimiriam</span> <span class='ocrx_word' id='word_1_206' title='bbox 731 3603 861 3686; x_wconf 88' lang='lat' dir='ltr'>penes</span> <span class='ocrx_word' id='word_1_207' title='bbox 882 3578 1169 3662; x_wconf 87' lang='lat' dir='ltr'>molendinum</span> <span class='ocrx_word' id='word_1_208' title='bbox 1190 3578 1511 3689; x_wconf 84' lang='lat' dir='ltr'>Capitanealem</span> <span class='ocrx_word' id='word_1_209' title='bbox 1534 3578 1631 3694; x_wconf 75' lang='lat' dir='ltr'>(siu)</span> <span class='ocrx_word' id='word_1_210' title='bbox 1655 3584 1918 3686; x_wconf 87' lang='lat' dir='ltr'>existentem,</span> <span class='ocrx_word' id='word_1_211' title='bbox 1934 3593 1977 3665; x_wconf 88' lang='lat' dir='ltr'>et</span> 
     </span>
     <span class='ocr_line' id='line_1_24' title="bbox 319 3693 1976 3811; baseline 0.004 -33"><span class='ocrx_word' id='word_1_212' title='bbox 319 3697 362 3778; x_wconf 91' lang='lat' dir='ltr'>in</span> <span class='ocrx_word' id='word_1_213' title='bbox 382 3693 490 3779; x_wconf 83' lang='lat' dir='ltr'>Jura</span> <span class='ocrx_word' id='word_1_214' title='bbox 510 3724 594 3807; x_wconf 90' lang='lat' dir='ltr'>que</span> <span class='ocrx_word' id='word_1_215' title='bbox 616 3695 766 3781; x_wconf 86' lang='lat' dir='ltr'>habuit</span> <span class='ocrx_word' id='word_1_216' title='bbox 786 3706 907 3806; x_wconf 89' lang='lat' dir='ltr'>pater</span> <span class='ocrx_word' id='word_1_217' title='bbox 928 3724 1029 3779; x_wconf 88' lang='lat' dir='ltr'>suus</span> <span class='ocrx_word' id='word_1_218' title='bbox 1051 3708 1095 3778; x_wconf 93' lang='lat' dir='ltr'>et</span> <span class='ocrx_word' id='word_1_219' title='bbox 1114 3698 1205 3806; x_wconf 90' lang='lat' dir='ltr'>ipse</span> <span class='ocrx_word' id='word_1_220' title='bbox 1226 3710 1324 3808; x_wconf 88' lang='lat' dir='ltr'>post</span> <span class='ocrx_word' id='word_1_221' title='bbox 1343 3713 1505 3811; x_wconf 86' lang='lat' dir='ltr'>patrem</span> <span class='ocrx_word' id='word_1_222' title='bbox 1526 3728 1655 3810; x_wconf 89' lang='lat' dir='ltr'>super</span> <span class='ocrx_word' id='word_1_223' title='bbox 1677 3701 1825 3784; x_wconf 86' lang='lat' dir='ltr'>eadem</span> <span class='ocrx_word' id='word_1_224' title='bbox 1845 3701 1976 3810; x_wconf 84' lang='lat' dir='ltr'>pisci·</span> 
     </span>
     <span class='ocr_line' id='line_1_25' title="bbox 321 3815 1976 3905; baseline 0.005 -8"><span class='ocrx_word' id='word_1_225' title='bbox 321 3844 375 3897; x_wconf 89' lang='lat' dir='ltr'>na</span> <span class='ocrx_word' id='word_1_226' title='bbox 406 3818 449 3898; x_wconf 93' lang='lat' dir='ltr'>in</span> <span class='ocrx_word' id='word_1_227' title='bbox 469 3815 594 3901; x_wconf 84' lang='lat' dir='ltr'>lucris</span> <span class='ocrx_word' id='word_1_228' title='bbox 633 3815 819 3898; x_wconf 87' lang='lat' dir='ltr'>eiusdem</span> <span class='ocrx_word' id='word_1_229' title='bbox 857 3816 1013 3899; x_wconf 88' lang='lat' dir='ltr'>domini</span> <span class='ocrx_word' id='word_1_230' title='bbox 1050 3815 1282 3902; x_wconf 85' lang='lat' dir='ltr'>Oastellani</span> <span class='ocrx_word' id='word_1_231' title='bbox 1318 3820 1437 3904; x_wconf 91' lang='lat' dir='ltr'>dedit</span> <span class='ocrx_word' id='word_1_232' title='bbox 1469 3821 1822 3904; x_wconf 87' lang='lat' dir='ltr'>intromissionem</span> <span class='ocrx_word' id='word_1_233' title='bbox 1856 3820 1976 3905; x_wconf 84' lang='lat' dir='ltr'>iuxta</span> 
     </span>
     <span class='ocr_line' id='line_1_26' title="bbox 322 3933 1975 4050; baseline 0.006 -33"><span class='ocrx_word' id='word_1_234' title='bbox 322 3945 430 4017; x_wconf 83' lang='lat' dir='ltr'>aeta.</span> <span class='ocrx_word' id='word_1_235' title='bbox 461 3933 512 4018; x_wconf 90' lang='lat' dir='ltr'>In</span> <span class='ocrx_word' id='word_1_236' title='bbox 533 3936 653 4017; x_wconf 82' lang='lat' dir='ltr'>euius</span> <span class='ocrx_word' id='word_1_237' title='bbox 673 3937 733 4018; x_wconf 91' lang='lat' dir='ltr'>rei</span> <span class='ocrx_word' id='word_1_238' title='bbox 754 3934 906 4017; x_wconf 83' lang='lat' dir='ltr'>elarius</span> <span class='ocrx_word' id='word_1_239' title='bbox 943 3936 1231 4020; x_wconf 88' lang='lat' dir='ltr'>testimonium</span> <span class='ocrx_word' id='word_1_240' title='bbox 1263 3938 1446 4050; x_wconf 86' lang='lat' dir='ltr'>sigillum</span> <span class='ocrx_word' id='word_1_241' title='bbox 1483 3949 1675 4023; x_wconf 86' lang='lat' dir='ltr'>nostrum</span> <span class='ocrx_word' id='word_1_242' title='bbox 1709 3939 1975 4049; x_wconf 79' lang='lat' dir='ltr'>presentibus</span> 
     </span>
     <span class='ocr_line' id='line_1_27' title="bbox 323 4051 1976 4163; baseline 0.005 -27"><span class='ocrx_word' id='word_1_243' title='bbox 323 4064 388 4136; x_wconf 87' lang='lat' dir='ltr'>est</span> <span class='ocrx_word' id='word_1_244' title='bbox 408 4053 737 4163; x_wconf 84' lang='lat' dir='ltr'>subappensum.</span> <span class='ocrx_word' id='word_1_245' title='bbox 767 4053 988 4142; x_wconf 85' lang='lat' dir='ltr'>Actumin</span> <span class='ocrx_word' id='word_1_246' title='bbox 1009 4051 1161 4140; x_wconf 81' lang='lat' dir='ltr'>Castro</span> <span class='ocrx_word' id='word_1_247' title='bbox 1194 4055 1468 4142; x_wconf 85' lang='lat' dir='ltr'>Oraeouiensi</span> <span class='ocrx_word' id='word_1_248' title='bbox 1507 4058 1656 4143; x_wconf 88' lang='lat' dir='ltr'>diebus</span> <span class='ocrx_word' id='word_1_249' title='bbox 1677 4068 1721 4140; x_wconf 91' lang='lat' dir='ltr'>et</span> <span class='ocrx_word' id='word_1_250' title='bbox 1742 4059 1861 4141; x_wconf 84' lang='lat' dir='ltr'>annis</span> <span class='ocrx_word' id='word_1_251' title='bbox 1914 4062 1976 4144; x_wconf 90' lang='lat' dir='ltr'>ui·</span> 
     </span>
     <span class='ocr_line' id='line_1_28' title="bbox 323 4088 1976 4283; baseline 0.002 -28"><span class='ocrx_word' id='word_1_252' title='bbox 323 4169 403 4256; x_wconf 90' lang='lat' dir='ltr'>bus</span> <span class='ocrx_word' id='word_1_253' title='bbox 424 4198 565 4283; x_wconf 86' lang='lat' dir='ltr'>supra.</span> <span class='ocrx_word' id='word_1_254' title='bbox 606 4172 765 4258; x_wconf 82' lang='lat' dir='ltr'>Datum</span> <span class='ocrx_word' id='word_1_255' title='bbox 786 4202 886 4259; x_wconf 85' lang='lat' dir='ltr'>vero</span> <span class='ocrx_word' id='word_1_256' title='bbox 908 4173 1013 4258; x_wconf 81' lang='lat' dir='ltr'>ferie</span> <span class='ocrx_word' id='word_1_257' title='bbox 1034 4175 1223 4260; x_wconf 84' lang='lat' dir='ltr'>secunda</span> <span class='ocrx_word' id='word_1_258' title='bbox 1241 4177 1285 4258; x_wconf 89' lang='lat' dir='ltr'>in</span> <span class='ocrx_word' id='word_1_259' title='bbox 1307 4177 1491 4262; x_wconf 83' lang='lat' dir='ltr'>crastino</span> <span class='ocrx_word' id='word_1_260' title='bbox 1528 4178 1664 4261; x_wconf 87' lang='lat' dir='ltr'>saneti</span> <span class='ocrx_word' id='word_1_261' title='bbox 1699 4169 1867 4262; x_wconf 84' lang='lat' dir='ltr'>Martini</span> <span class='ocrx_word' id='word_1_262' title='bbox 1883 4088 1976 4261; x_wconf 57' lang='lat' dir='ltr'>bn·</span> 
     </span>
     <span class='ocr_line' id='line_1_29' title="bbox 322 4291 1761 4409; baseline 0 -31"><span class='ocrx_word' id='word_1_263' title='bbox 322 4320 376 4378; x_wconf 93' lang='grc' dir='ltr'>ιιο</span> <span class='ocrx_word' id='word_1_264' title='bbox 399 4293 554 4376; x_wconf 88' lang='lat' dir='ltr'>domini</span> <span class='ocrx_word' id='word_1_265' title='bbox 575 4291 792 4379; x_wconf 84' lang='lat' dir='ltr'>Millesimo</span> <span class='ocrx_word' id='word_1_266' title='bbox 815 4294 1231 4408; x_wconf 81' lang='lat' dir='ltr'>quadringentesimo</span> <span class='ocrx_word' id='word_1_267' title='bbox 1253 4298 1616 4409; x_wconf 84' lang='lat' dir='ltr'>quinquagesimo</span> <span class='ocrx_word' id='word_1_268' title='bbox 1637 4322 1761 4384; x_wconf 86' lang='lat' dir='ltr'>nono.</span> 
     </span>
    </p>
   </div>
   <div class='ocr_carea' id='block_1_4' title="bbox 0 0 2720 6308">
    <p class='ocr_par' dir='ltr' id='par_1_4' title="bbox 0 0 2720 6308">
     <span class='ocr_line' id='line_1_30' title="bbox 0 0 2720 6308; baseline 0 0"><span class='ocrx_word' id='word_1_269' title='bbox 0 0 2720 6308; x_wconf 95' lang='lat' dir='ltr'> </span> 
     </span>
    </p>
   </div>
  </div>
 </body>
</html>
