5409 6309
986 715 1324 792 ,ιι-81·-

315 1021 321 1033 ,
362 928 478 1012 dant
510 919 624 1012 Etsi
643 920 817 1038 quando
837 920 947 1009 forte
967 920 1191 1008 ineisdsm
1211 915 1356 1004 fundis
1376 916 1654 1005 deoimalibus
1674 921 2030 1014 nonnoni-nonti-

362 1049 474 1158 gerit
506 1045 651 1138 villam
670 1039 740 1127 vel
760 1042 983 1152 oppidum,
1002 1040 1121 1144 lieet,
1141 1042 1278 1150 possit
1297 1037 1410 1141 fieri,
1432 1049 1711 1148 compensata
1727 1044 1788 1125 eis
1808 1046 2032 1152 praediata

362 1164 616 1275 quantitate.
653 1162 897 1258 ,Praeterea
920 1150 1115 1243 addimus
1138 1157 1326 1264 detersa
1346 1157 1461 1238 dioto
1481 1159 1738 1244 monasterio
1761 1159 1969 1248 decimam
1990 1169 2035 1249 in

362 1280 480 1394 az'qra
500 1279 614 1391 sylva
629 1277 685 1392 (⁸)
700 1290 801 1391 post
820 1289 991 1362 eentum
1011 1301 1181 1360 mansos
1201 1273 1484 1375 franconioos,
1507 1300 1637 1382 quam
1656 1275 1818 1360 ibidem
1838 1290 2039 1386 poterunt

362 1400 584 1508 extirpare,
604 1399 921 1508 inperpetuum
940 1394 1270 1507 percipiendam.
1323 1390 1415 1475 Has
1437 1398 1581 1500 autem
1603 1393 1851 1479 donationes
1877 1398 2038 1488 idcireo
2155 1471 2159 1476 .

338 1584 342 1592 .
361 1511 556 1620 lauimus,
574 1523 625 1597 ut
641 1512 792 1598 fratres
811 1513 915 1598 inibi
931 1515 1025 1598 Deo
1041 1517 1084 1596 in
1100 1521 1355 1621 perpetuum
1371 1508 1616 1611 servientes,
1633 1511 1757 1596 nobis
1776 1522 1821 1595 et
1833 1511 2036 1602 fratribus
2130 1559 2134 1568 ¹

363 1634 521 1717 nostris
535 1634 750 1716 oanonicis
766 1633 966 1716 videlieet
980 1631 1201 1714 Ecclesiae
1218 1625 1403 1737 majoris,
1414 1627 1624 1710 universis
1642 1639 1685 1711 et
1699 1630 1890 1740 singulis,
1905 1643 1947 1715 et
1957 1661 2034 1720 ne·

362 1754 458 1835 stris
473 1751 748 1862 ipsorumque
765 1749 1099 1853 suecessoribus,
1111 1746 1349 1859 sintmagis
1371 1744 1543 1832 obnoxii
1555 1743 1858 1831 familiaritates
1874 1751 2037 1860 impen-

359 1868 473 1968 dere,
494 1877 546 1962 ‚et
560 1868 654 1951 Deo
676 1870 878 1955 continue
898 1868 1161 1984 orationibus
1183 1863 1494 1951 commendare,
1527 1862 1588 1946 Ut
1616 1866 1749 1975 igitur
1768 1865 1849 1952 hec
1870 1873 2039 1953 nostras

268 2064 270 2068 .
365 1986 635 2090 donationes,
651 2014 760 2097 quas
784 1988 836 2069 de
860 1995 1088 2090 eonsensu,
1109 1994 1159 2069 ut
1179 1985 1382 2089 diximus,
1398 1982 1532 2096 nostri
1549 1980 1733 2090 Capituli
1754 1982 1932 2070 fecimus
1943 2049 1953 2092 ,
1974 1988 2039 2070 in·

364 2127 600 2187 concussae
634 2114 932 2211 permaneant,
955 2113 999 2187 et
1016 2105 1146 2189 robur
1163 2116 1398 2213 perpetuae
1419 2097 1643 2186 obtineant
1662 2101 1893 2208 firmitatis,
1914 2132 2038 2216 praef

362 2229 526 2304 sentem
546 2221 752 2334 paginam
767 2247 896 2331 super
913 2223 973 2306 eis
988 2220 1232 2308 confectam
1252 2217 1485 2306 munimine
1506 2220 1652 2325 nostri,
1674 2230 1805 2331 atque
1825 2211 2037 2331 praedio‘ti

291 2369 296 2373 ·
364 2338 550 2449 Capituli
585 2338 830 2450 sigillorum,
866 2341 1044 2451 dignum
1066 2339 1261 2423 duximus
1282 2335 1567 2424 msiriisndam.
1619 2336 1778 2423 Actum
1797 2339 1970 2449 publice
1990 2343 2037 2424 in
2108 2347 2113 2356 ’

351 2456 575 2545 ‘Craoovia
614 2457 758 2543 Anno‘
777 2457 864 2541 Dni
897 2458 1116 2544 Millesimo
1150 2459 1443 2544 ducentesimo
1475 2457 1746 2566 sexagesimo
1783 2468 1950 2568 quarto,
1971 2456 2037 2543 IV

362 2574 950 2685 IdusMaij,-praesentibus
970 2578 1015 2659 in
1035 2576 1234 2684 Capitulo
1255 2574 1456 2661 fratribus
1477 2575 1652 2683 nostris,
1673 2576 1883 2659 uidelicet
1905 2576 2040 2672 Ivone

357 2692 547 2798 decano,
584 2694 760 2778 Nioolao
797 2693 1067 2804 Praeposit0,
1105 2694 1293 2805 Trojano
1317 2696 1523 2800 Castore,
1544 2693 1672 2779 Petro
1695 2693 1886 2779 Custode
1909 2694 2034 2781 Orao'.

362 2810 569 2922 Magistro
605 2810 774 2897 Jacobs
810 2813 1060 2922 Praeposito
1082 2811 1305 2897 Vislioensi
1329 2825 1373 2899 et
1393 2814 1598 2898 canonico
1621 2811 1745 2897 Orac.
1767 2811 1900 2897 Paulo
1924 2813 2046 2899 Oan·

364 2928 531 3014 cellario
548 2979 553 2986 ·
573 2928 747 3015 Domini
786 2929 922 3016 Ducis
955 2939 999 3013 et
1028 2932 1235 3016 canonino
1268 2931 1565 3031 cracoviensi,
1602 2926 1775 3013 Valtero
1810 2925 2037 3035 Lambino,

282 3112 288 3132 .
360 3045 487 3133 Petro
508 3045 771 3148 Hermanno,
795 3059 839 3131 et
856 3047 1035 3136 Nicolao
1058 3049 1274 3133 canonicis
1297 3046 1672 3136 Oraooviensibus.

472 3278 515 3359 (⁵)
536 3278 660 3364 Hasna
688 3277 783 3361 silva,
811 3277 1020 3365 tepkowski
1045 3229 1294 3368 interpretaur*
1313 3278 1483 3368 Czomylas
1499 3290 1535 3346 et
1549 3277 1651 3348 dotet
1665 3295 1740 3362 nos,
1770 3277 1906 3344 eandem
1926 3276 2038 3346 villum
2064 3319 2074 3330 .

357 3382 427 3446 jam
449 3382 635 3428 evanuisse.
1162 3377 1166 3388 ·
1375 3421 1385 3429 .

960 3613 973 3666 ·’
1129 3652 1272 3768 xus

834 3869 1148 3957 &nooman
1160 3819 1372 3960 -1266
1398 3825 1600 3957 annot·
1702 3855 1704 3860 ’
1791 3849 1798 3862 ’

362 4056 478 4131 labilis
491 4056 530 4130 ts
543 4055 675 4129 onan
688 4054 785 4129 sidu
797 4055 995 4127 natant
1010 4055 1321 4132 tarantarum
1339 4059 1499 4133 Sdonas
1512 4056 1637 4131 nenati
1650 4055 1783 4134 anas
1806 4055 1914 4132 sara
1938 4060 2037 4143 aaron
2112 4033 2116 4040 ’

328 4161 334 4174 .
407 4162 539 4246 Metui
552 4161 640 4234 dreis
655 4160 864 4235 tradaris
878 4165 912 4234 st
925 4160 1482 4346 Μιὶήΰοὲζζιιιὲιῶἱῖαωηοω,
1506 4178 1599 4253 qun
1612 4160 1818 4290 sortitione!
1832 4158 1915 4234 idon
1928 4157 1993 4232 du

463 4435 516 4520 In
535 4434 704 4519 nomine
723 4432 895 4521 Domini
915 4433 1067 4519 Amen.
1089 4433 1322 4536 ‘Quoniam
1337 4464 1400 4540 ea,
1421 4441 1533 4549 quae
1554 4434 1635 4522 sub
1654 4429 1851 4519 mutabili
1869 4427 2035 4514 vicissi-

360 4553 509 4640 tudine
546 4564 732 4664 aguntur
765 4555 988 4665 temporis,
1024 4554 1235 4665 eonangit
1268 4553 1443 4638 labente
1476 4564 1669 4664 tempore
1704 4581 1732 4635 a
1752 4550 1903 4636 notitia
1923 4546 2035 4634 elabi

463 4755 508 4834 (¹)
531 4752 765 4840 Apograpbon
780 4775 798 4818 e
812 4750 990 4818 Tabulario
1008 4750 1111 4838 Regni
1140 4751 1300 4837 (Metryki
1314 4751 1398 4818 Kar.
1413 4752 1480 4818 vol.
1496 4754 1537 4819 98
1551 4752 1610 4818 fot
1628 4754 1703 4834 106)
1725 4774 1746 4819 a
1759 4749 1899 4818 dnobus.
1914 4746 2032 4815 Muta·

359 4837 508 4906 lrowsoio
524 4837 738 4924 descriptum
768 4837 835 4905 Rex
850 4834 1082 4925 Sigismundus
1097 4834 1264 4923 Augustas
1283 4836 1459 4903 confirmat
1475 4835 1541 4904 hoo
1557 4836 1768 4927 privilegium
1782 4833 1925 4904 dmartii
1940 4831 2035 4900 1564.
