5409 6309
1060 800 1391 874 -57-,

348 1006 485 1101 ¹nobio
520 969 746 1113 prehabito
767 1029 845 1111 per
865 965 1241 1086 commutationem
1261 999 1432 1104 tradita,
1453 998 1669 1122 transtplit
1699 1000 1744 1082 in
1774 1002 1917 1085 uillam
1949 1029 2038 1086 no-.

286 1177 291 1187 ·
358 1126 470 1205 mine
485 1120 667 1234 positos.
690 1121 836 1203 datam
852 1120 908 1201 ab
932 1120 1082 1206 codem
1105 1119 1287 1204 cenobio
1308 1118 1404 1200 uice
1427 1141 1586 1229 carpos.
1619 1119 1739 1209 ,ltem
1758 1117 2025 1230 bogumilum

251 1300 257 1306 -
359 1249 404 1323 et
423 1266 668 1350 vognonem
686 1238 819 1321 filium
839 1263 963 1320 suum
985 1263 1084 1320 cum
1104 1263 1184 1320 sua
1204 1237 1474 1348 cognatione.
1498 1236 1574 1345 qui
1596 1245 1718 1318 erant
1740 1238 1913 1347 ascripti
1935 1238 2027 1347 gle-

360 1357 480 1442 bein
500 1358 601 1439 uilla
619 1354 856 1466 caracter„
871 1357 1153 1464 ‘pertinentes
1174 1355 1219 1435 in
1241 1354 1360 1466 bopsi
1383 1351 1452 1464 (⁴).
1469 1353 1559 1434 sita
1580 1379 1632 1436 ex
1651 1381 1742 1435 una·
1758 1365 1881 1462 parte
1900 1351 2024 1470 riuulj
2146 1419 2153 1430 ,

327 1557 329 1564 ,
360 1472 467 1559 screa
488 1474 604 1583 dietj,
637 1470 852 1555 transtulit
871 1474 916 1553 in
935 1473 1078 1579 uillam
1100 1472 1267 1581 cenobij
1287 1471 1570 1581 prenominatj
1601 1472 1787 1553 similiter
1805 1473 2028 1557 machocice

362 1593 519 1675 dicta‘m
541 1619 593 1676 ex
614 1589 748 1673 altera
766 1600 895 1701 parte·
910 1593 1095 1698 positam
1113 1589 1235 1699 riuulj
1267 1591 1514 1700 supradicti.
1547 1598 1592 1671 et
1622 1587 1774 1700 glebas
1808 1608 2039 1675 seruorum*

359 1711 644 1818 predictorum
666 1707 784 1790 dedit
802 1737 879 1818 pro
899 1709 1211 1819 permutatione
1232 1707 1413 1792 cenobio
1436 1710 1573 1818 ejdem
1593 1707 1685 1789 iure
1714 1716 1922 1818 perpetuo
1951 1711 2030 1792 du-

358 1838 537 1936 raturas.
571 1825 892 1936 suprascriptas
912 1828 1043 1937 igitur
1065 1823 1314 1910 donationes
1348 1825 1449 1908 salis
1482 1833 1527 1940 et
1556 1851 1776 1909 seruorum
1812 1850 1909 1907 cum
1941 1829 2028 1914 suis

359 1944 506 2029 usibus
528 1942 722 2028 omnibus
761 1956 805 2026 et
823 1946 1154 2055 permutationes
1183 1937 1317 2053 nostrj
1346 1945 1489 2054 patruj
1526 1969 1629 2054 sepe
1664 1944 1765 2054 dictj
1799 1967 1876 2051 pro
1914 1945 2031 2030 emto

167 2047 170 2054 ’
236 2155 241 2166 ,
361 2062 505 2171 diujno
526 2073 570 2144 et
589 2061 718 2144 beate
739 2062 872 2147 Marie
891 2064 1069 2173 uirginis
1091 2063 1309 2173 genitricis
1331 2060 1491 2171 dominj
1513 2061 1647 2168 nostrj
1671 2057 1781 2144 Jesu
1802 2060 1962 2173 Christj
1985 2076 2030 2149 et
2211 2171 2218 2184 ι

361 2190 605 2264 sanctorum
627 2180 716 2288 ejus
739 2181 992 2290 ampliando,
1014 2209 1065 2262 ac
1087 2205 1164 2290 pro
1184 2179 1371 2263 remedio
1392 2191 1632 2291 nostrorum
1646 2192 1937 2287 peccatorum
1959 2209 2027 2266 se·
2101 2195 2106 2200 '

362 2297 549 2381 cundum
568 2299 814 2380 instantiam
835 2298 1106 2381 dilectissime
1125 2297 1273 2381 matiis
1294 2308 1438 2383 nostre
1462 2300 1629 2383 domine
1660 2297 1909 2411 Gijizlae
1950 2304 2028 2385 du·
2095 2305 2097 2312 ⁴
2189 2336 2193 2343 ·

362 2412 469 2498 cisse
508 2416 693 2520 illustris3
734 2417 1030 2535 suprascriptis
1067 2415 1320 2500 monialibus
1349 2417 1395 2499 in
1427 2426 1681 2526 perpetuum
1716 2417 2028 2508 confirmamus.

361 2531 542 2642 Insuper
562 2533 861 2616 confirmamus
881 2536 1222 2645 permutaciones
1247 2544 1290 2617 et
1310 2535 1560 2620 donationes
1595 2534 1706 2618 infra
1739 2540 1932 2647 scriptas.
1964 2540 2030 2648 ¹Iu

360 2650 505 2758 primis
525 2654 882 2759 permutationem
905 2655 1083 2737 duarum
1105 2656 1287 2737 sorcium
1319 2653 1374 2735 de
1404 2654 1504 2739 uilla
1536 2675 1680 2765 corgon
1700 2665 1868 2746 uocata
1900 2660 2031 2767 perti·
2060 2735 2064 2744 .

360 2768 552 2870 nentium
578 2768 634 2850 ad
654 2767 912 2878 beneficjum
951 2776 1146 2856 cracouie
1175 2772 1328 2882 ungar]
1351 2771 1407 2884 (ὓ)
1442 2774 1613 2856 dictum.
1649 2769 1809 2856 factam
1845 2774 2031 2886 abipsa
2154 2827 2161 2844 ,
2249 2869 2253 2882 ,
2403 2817 2407 2825 ·

352 2879 664 2971 ωειπόηοειτα
679 2890 867 2972 claustro
889 2888 1102 2998 sepefato
1122 2917 1200 2999 pro
1218 2889 1367 2997 predio
1387 2893 1556 2973 nomine
1576 2886 1800 3000 aeaeae·
1820 2887 1889 3003 (⁰).
1920 2894 2030 2976 Item

308 3099 313 3108 ¹
362 2996 738 3087 commutationem
759 3007 815 3088 ab
839 3007 989 3094 cadem
1010 3016 1145 3087 matre
1161 3016 1308 3089 nostra
1323 3005 1585 3088 celebratam
1601 3006 1655 3085 de
1669 3008 1817 3113 predio
1833 3007 2030 3090 visroue‘ce

360 3148 437 3229 pre
449 3119 506 3232 (i)
516 3120 679 3205 foribus
701 3123 890 3230 ejusdem
911 3122 1083 3230 claustrj
1096 3123 1190 3206 sito.
1202 3123 1320 3236 quod
1331 3122 1560 3230 spectabat
1570 3123 1766 3205 craoouie
1782 3123 2029 3228 castellano,

360 3263 437 3345 pro
458 3237 560 3320 uilla
578 3238 715 3347 ipsjus
737 3241 907 3350 claustrj
929 3240 1066 3325 shores
1088 3237 1142 3351 (Ἰ)
1177 3241 1304 3323 dicta.
1342 3251 1488 3351 empta
1523 3271 1550 3324 a
1585 3238 1786 3323 fratribus
1826 3243 2030 3354 pomnanj

363 3354 536 3439 abbatis
554 3355 780 3465 plocensis.
812 3357 922 3442 Item
945 3358 1216 3441 donationem
1249 3355 1429 3442 duarrrm
1462 3360 1646 3444 sorcium
1675 3361 1720 3441 iu
1739 3360 1956 3461 assumpt-0
1976 3362 2032 3472 (a)
2098 3454 2100 3457 y
2158 3349 2161 3356 ,
2204 3315 2212 3324 .

361 3471 521 3555 iactam
542 3500 618 3583 per
638 3474 903 3557 wladizlaum
936 3475 1032 3559 olir'n
1061 3467 1220 3558 ducem
1250 3479 1459 3562 oracouie.
1505 3478 1614 3565 Item
1651 3477 1927 3559 &nationem
1961 3479 2031 3562 uel

344 3591 630 3675 -traditionem
643 3593 781 3701 tocjus
796 3593 1008 3702 porcionis
1024 3592 1125 3675 salis
1135 3593 1189 3674 de
1201 3594 1351 3676 bocina
1364 3593 1528 3703 obtentj
1545 3624 1572 3677 a
1585 3613 1800 3699 pomnano
1815 3594 2032 3703 preposito
2083 3595 2088 3604 ’

365 3709 537 3793 claustri
556 3707 610 3792 de
631 3708 819 3807 donea&
834 3737 948 3791 nunc
964 3709 1124 3793 abbate
1134 3711 1337 3821 plocensj.
1351 3740 1482 3822 quam
1501 3712 1605 3802 feeit
1616 3703 1755 3796 idem..
1768 3710 1815 3795 P.
1829 3713 2035 3824 (Pomna-

364 3824 462 3935 nus)
472 3827 729 3924 monialibus
742 3838 852 3920 ante
873 3821 1010 3910 dietis.
1033 3855 1200 3937 ponens
1214 3832 1478 3942 prepositum
1493 3855 1638 3915 esrum
1653 3831 1698 3911 in
1714 3831 1921 3946 corporalj
1932 3858 2034 3940 pes·

364 3946 551 4034 sessione
578 3946 678 4028 salis
709 3945 842 4054 ipsius
883 3944 964 4029 sub
1000 3946 1241 4032 testimonio
1281 3949 1537 4033 uenerabilis
1582 3952 1627 4030 in
1680 3947 1851 4047 Christo
1898 3951 2031 4060 patris
2059 3953 2071 4053 ᾗ

361 4064 570 4170 prandote
612 4065 801 4180 episcopi
838 4066 1125 4149 cracouiensis
1163 4076 1207 4149 et
1242 4091 1508 4152 assessorum
1529 4068 1632 4177 ejus,
1672 4069 1764 4150 iure
1794 4063 2026 4180 inujolabilj

352 4319 354 4322 ι
469 4242 510 4322 (⁴)
532 4241 618 4309 Vide
634 4244 959 4345 supraprivilegium
973 4244 1016 4310 ad
1028 4268 1057 4311 a.
1074 4247 1166 4311 1243.
1176 4245 1383 4315 Castellanus
1400 4245 1441 4314 de
1454 4210 1725 4338 Bajee'sortasee
1740 4246 1780 4311 de
1793 4245 1905 4312 Biaez?
2016 4265 2019 4272 ’

470 4328 512 4406 (⁵)
533 4326 572 4390 In
590 4328 665 4413 ipsa
679 4352 816 4416 regione
834 4330 1043 4395 cracoviensi
1069 4330 1147 4394 villa
1168 4342 1219 4397 est
1243 4334 1382 4420 Wsprzee
1408 4356 1476 4400 non
1504 4333 1623 4417 procul
1646 4330 1687 4396 ab
1715 4330 1840 4415 oppido
1869 4330 2029 4412 Psameris,

365 4411 507 4475 sonasse
522 4410 601 4474 villa
613 4412 696 4479 haec
709 4414 744 4479 in
758 4423 875 4479 nostro
890 4412 1067 4498 privilegio
1083 4417 1198 4500 aspari
1213 4416 1350 4483 dicitur?
1375 4415 1494 4501 ltaque
1516 4415 1594 4482 villa
1609 4416 1758 4515 Karpeia,
1782 4435 1864 4498 quae
1878 4414 1943 4480 huc
1963 4438 2032 4482 me·

150 4529 156 4534 -
291 4561 294 4565 Α
365 4502 523 4643 ωρτεῖῐᾳτ,
539 4496 685 4661 nopssppip
699 4496 776 4562 villa
789 4497 950 4564 territorii
980 4496 1223 4580 Stobnicensis,
1239 4501 1387 4590 regionis
1411 4500 1673 4589 Szydloviensrs·
1690 4505 1739 4581 (111
1754 4521 1867 4585 opere:
1885 4495 2033 4582 „lahela

273 4609 280 4618 =
363 4599 446 4642 miss
478 4597 566 4642 rwsr
684 4627 689 4638 .

470 4664 514 4741 (⁶)
536 4663 578 4728 M
596 4665 767 4751 slawrzyee,
782 4662 859 4727 villa
872 4663 1019 4749 regionis
1036 4655 1322 4746 Prcszoriceniis,
1337 4667 1516 4752 parochiae
1528 4667 1810 4738 Koscielecensis.

423 4821 427 4830 ,
470 4746 513 4825 (²)
583 4772 675 4829 orow,
696 4747 844 4845 regionis
861 4747 1151 4900 Szczprzycenpis,
1167 4772 1236 4847 par.
1252 4751 1433 4836 Biskupice
1447 4754 1482 4817 in
1497 4752 1648 4821 Gallicis.
2060 4783 2063 4792 ¹

468 4832 512 4909 (⁸)
531 4830 744 4913 Malloniae,
760 4831 837 4896 villa
851 4854 920 4918 reg.
967 4830 1197 4918 zeohcyrensrs
1210 4833 1389 4920 parochiae
1405 4835 1614 4903 Cheimensis
1628 4838 1664 4903 in
1678 4831 1819 4908 Gallicis
1833 4835 2033 4901 addextrem
2131 4864 2136 4874 ·

231 4918 233 4922 ’
309 4939 314 4942 ·
367 4909 474 4980 liobae
489 4913 605 4998 ripam.

419 5011 500 5071 Tamus
508 5030 549 5071 111.
814 5044 822 5059 ·
897 5091 900 5098 γ
1123 5019 1127 5022 k
1908 5016 1929 5081 8
