5409 6309
1024 832 1295 912 ..421-

1069 1231 1266 1353 texui.

499 1490 881 1611 ''Grceociam
915 1491 1007 1578 die
1032 1492 1068 1575 ὅ
1092 1437 1415 1616 Novembris
1438 1483 1588 1576 1444
1614 1509 1779 1576 anno.

333 1709 874 1787 Pnennariuuoannrs
889 1710 927 1785 ie
950 1714 1143 1804 Wojslawie
1163 1654 1387 1784 tebnsorten
1402 1728 1490 1784 suan
1503 1707 1870 1786 uersuumnnrtla
1886 1711 1987 1784 Mida
2051 1765 2055 1774 .

720 1820 833 1885 secia
846 1832 949 1888 cerm
956 1813 1108 1907 inlicitus
1118 1814 1209 1888 Petro
1223 1812 1261 1886 le
1276 1815 1429 1887 ditonico
1442 1811 1546 1887 veniit
1560 1816 1614 1897 (¹).

432 2025 521 2110 Nes
541 2024 813 2110 Barthossius
835 2023 888 2107 de
909 2022 1027 2133 Gory
1047 2022 1192 2110 ,ludex
1212 2033 1256 2106 et
1274 2022 1426 2107 Petrus
1459 2024 1512 2107 dc
1545 2016 1766 2106 Czcileone'ee
1787 2019 1841 2137 (²)
1875 2020 2009 2109 Sub-³

250 2182 254 2188 ¹
330 2143 456 2227 iudex
485 2153 594 2227 terre
617 2145 913 2231 Craeeuiensis
950 2143 1172 2254 generales
1207 2144 1367 2227 Notum
1402 2140 1581 2226 facimus
1619 2141 1776 2251 quibus
1817 2144 1991 2253 expedit
2135 2207 2142 2224 .

330 2264 538 2347 uniuersis
560 2262 829 2374 presentibus
852 2274 894 2345 et
913 2261 1064 2346 futuris
1084 2263 1351 2374 presencium
1374 2262 1574 2346 noticiam
1596 2261 1818 2345 habituris.
1862 2259 1988 2362 Quod

331 2382 375 2463 in
395 2381 565 2468 ,Iudicio
587 2384 772 2466 terrestri
793 2382 1066 2468 Oraeouiensi
1086 2392 1242 2485 nostro,
1285 2409 1428 2465 coram
1449 2382 1574 2463 certis
1597 2383 1836 2494 camerarijs
1871 2383 1988 2494 judi·

334 2501 511 2586 cialibus
533 2503 698 2606 nostris,
720 2504 953 2586 constituta
972 2503 1245 2613 personaliter
1265 2499 1427 2585 Nobilis
1450 2499 1620 2585 domina
1640 2501 1816 2585 Phenna
1844 2499 1992 2587 relicta

333 2618 544 2704 «Iohannis
566 2622 748 2707 condem
762 2622 815 2703 de
834 2616 1086 2732 Woyeloro'ce
1099 2621 1154 2735 (³)
1167 2649 1271 2705 sana
1292 2629 1431 2702 mente
1454 2630 1497 2701 et
1517 2645 1694 2729 corpore
1709 2619 1893 2704 existens
1905 2647 1989 2706 nen

334 2741 563 2851 compulsa,
586 2771 725 2854 neque
748 2750 910 2844 coacta,
947 2740 1022 2823 sed
1060 2742 1112 2823 de
1144 2742 1259 2825 bona
1281 2740 1370 2821 eius
1392 2739 1609 2823 voluntate
1651 2748 1784 2823 totam
1824 2751 1990 2850 partem

328 2863 451 2943 'suam
473 2860 720 2944 hereditatis
742 2861 786 2941 in
809 2856 1120 2942 Milelmcboeice
1142 2858 1196 2972 (⁴)
1220 2886 1314 2940 cum
1336 2859 1470 2967 ipsius
1493 2859 1624 2968 partis
1661 2860 1855 2942 omnibus
1884 2860 1991 2970 juri-

331 2975 425 3083 bus,
448 2979 643 3086 dominio,
664 2976 931 3081 utilitatibus,
947 2976 1167 3082 fructibus,
1178 2976 1634 3086 prouentibus,incolis,
1657 2976 1875 3061 censsibus
1893 2977 1990 3091 (sic)

329 3096 577 3202 redditibus,
598 3099 718 3201 areis,
741 3095 946 3202 domibus,
966 3095 1165 3198 tabernis,
1187 3095 1451 3200 molendinis,
1488 3097 1613 3209 agris,
1647 3097 1818 3207 campis,
1847 3099 1990 3208 pratis,

331 3216 515 3326 pascuis,
537 3207 673 3325 aquis,
695 3215 848 3324 fluuijs,
869 3216 1053 3325 piscinis,
1074 3215 1311 3323 piscaturis,
1326 3216 1439 3319 riuis,
1461 3214 1868 3326 stangnis,laeubus,
1889 3217 1988 3302 bor·

329 3337 399 3438 ris,
440 3335 568 3438 siluis,
604 3336 758 3447 gagijs,
774 3337 953 3444 seraptis
977 3332 1074 3448 (sic)
1106 3337 1285 3438 mericis,
1320 3335 1494 3440 rubetis,
1530 3333 1783 3438 nemoribus,
1822 3336 1987 3447 apistri-

331 3458 385 3537 tis
408 3452 519 3567 (sic),
543 3456 833 3565 uniuersisque
853 3454 1138 3564 pertineneijs,
1162 3453 1473 3567 dependencijs,
1496 3453 1831 3538 obuencionibus
1853 3462 1897 3538 et
1918 3479 1989 3538 eo-

333 3572 551 3683 herencijs,
574 3574 917 3684 quibuscumque
940 3573 1133 3656 dieantur
1153 3573 1394 3658 nominibus
1430 3572 1558 3657 velud
1596 3574 1743 3656 eadem
1778 3573 1989 3660 hereditas
2062 3673 2065 3681 Ι

331 3690 470 3803 longe,
492 3692 576 3778 late
601 3702 643 3774 et
664 3692 1099 3776 circumfereneialiter
1131 3694 1329 3776 distincta
1358 3704 1424 3777 est
1454 3699 1496 3772 et
1524 3691 1715 3800 limitata,
1745 3702 1870 3802 prout
1900 3692 1990 3777 sela

333 3810 539 3894 hactenus
561 3811 712 3896 habuit
732 3821 776 3894 et
796 3812 942 3915 tenuit,
978 3811 1107 3893 nichil
1135 3839 1211 3921 pre
1243 3840 1290 3894 se
1310 3821 1353 3893 et
1373 3815 1459 3895 suis
1481 3811 1797 3896 successoribus
1832 3811 1992 3923 legitti-

333 3932 412 4013 mis
433 3930 590 4014 ibidem
605 3932 711 4040 juris
748 3958 826 4014 seu
856 3931 1123 4041 proprietatis
1147 3941 1190 4014 et
1211 3932 1381 4043 dominij
1418 3931 1587 4042 penitus
1621 3930 1877 4015 reseruando
1912 3958 1988 4040 pro

333 4050 522 4133 tricentis
544 4052 696 4133 marcis
719 4053 951 4134 eommunis
973 4052 1152 4159 pecunie
1171 4059 1342 4135 monete
1375 4052 1659 4135 cracouiensis
1690 4051 1852 4133 numeri
1872 4049 1991 4158 pole·

334 4167 483 4251 nicalis
505 4171 696 4254 consueti
717 4166 932 4255 Generoso
955 4169 1122 4255 domino
1143 4169 1271 4278 Petro
1295 4171 1348 4254 de
1372 4165 1593 4255 Czcileouiee
1628 4171 1816 4280 predicto
1835 4166 1989 4253 Subiu-
2012 4258 2016 4264 ,

437 4371 478 4451 (¹)
500 4369 552 4435 Ex
568 4368 719 4455 originali
746 4368 779 4433 in
794 4368 942 4435 Archivo
969 4368 1075 4453 Regni
1091 4368 1131 4432 ad
1146 4370 1190 4434 N⁰
1206 4372 1288 4436 1502
1306 4380 1486 4448 asservato,
1503 4369 1681 4457 descripsit
1709 4368 1934 4436 Muczlrowslri
1956 4379 1990 4434 et

335 4454 600 4553 prszczewski.·
641 4451 883 4552 Duorumtolim
899 4452 1077 4538 sigillorum
1099 4454 1251 4521 taeniolis
1279 4457 1489 4542 pergamenis
1505 4479 1545 4543 ap
1571 4478 1733 4532 cneorum,
1749 4477 1847 4521 unum
1862 4462 1989 4520 tanturn

335 4562 440 4690 ffipnus
456 4539 498 4639 ad
509 4551 657 4687 nostpam
668 4540 1376 4708 pmffinait‡t{m†effiifflefiilg(tjliflignf
1384 4481 1861 4695 spegiolkrlllrnffiffllgpgww
1877 4539 1990 4628 appel.

382 4644 743 4750 nmzpnscnpromam
768 4644 826 4690 ru:
937 4670 944 4686 .
1305 4648 1352 4692 sic
1406 4650 1424 4698 e
1563 4672 1571 4691 .
1776 4672 1783 4687 .

440 4712 482 4877 ι(ῧῖ
508 4712 715 4885 liiidiibe,
724 4791 912 4860 duaevilla'e
920 4791 1146 4876 suntejusdem
1155 4791 1293 4859 nominis
1303 4793 1337 4859 in
1346 4794 1611 4862 Szkelbmiriensi
1624 4796 1767 4881 regione,
1777 4796 1881 4861 unain
1889 4794 1988 4861 Lelo-

334 4880 663 5049 riensii⁴pn6vpfrein
679 4878 899 5033 deopiensi.
915 4876 1143 5035 praeegrdillas
1157 4897 1239 4964 quae
1254 4877 1287 4944 in
1299 4877 1372 4946 aliis
1382 4878 1466 4947 loeis
1475 4879 1584 4968 Regni
1598 4880 1754 4974 Poloniae
1769 4880 1988 4947 inveniuntur.

533 4991 552 5033 0
589 4989 761 5053 .regesra
807 4987 984 5053 omrpnmr
1028 4987 1143 5033 orere.
