5409 6309
1071 842 1340 918 -461-

382 1044 501 1126 cione
532 1043 681 1128 habita
710 1042 925 1128 relaxandi
955 1053 999 1127 et
1029 1046 1289 1131 absoluendi.
1350 1046 1408 1132 Et
1427 1046 1597 1157 insuper
1617 1042 1802 1154 prefatos
1823 1069 2026 1153 procura-

379 1172 525 1265 torem,
546 1163 965 1272 viceprocuratorem,
986 1192 1037 1248 ac
1059 1168 1243 1251 seniores
1265 1176 1443 1268 sutores,
1466 1188 1692 1271 eorumque
1728 1163 2029 1246 comunitatem

378 1308 454 1390 pro
476 1292 666 1392 tempore
688 1282 946 1388 existentem,
967 1312 994 1366 a
1015 1284 1227 1369 solucione
1250 1284 1456 1368 dictarum
1477 1282 1661 1365 sedecim
1676 1309 1910 1365 marcarum
1928 1310 2026 1366 cen-

378 1426 450 1481 sus
473 1402 612 1505 annui,
635 1404 696 1485 sic
716 1410 765 1483 ut
783 1401 1031 1511 premissum
1054 1414 1128 1507 est,
1156 1433 1233 1514 per
1252 1427 1330 1488 nos
1350 1401 1522 1503 venditi,
1556 1401 1721 1496 interim
1743 1428 1829 1513 quo
1849 1405 2026 1512 reempti

376 1545 461 1603 non
481 1517 634 1605 fuerim
652 1519 774 1605 nobis
796 1528 839 1602 et
860 1522 1153 1605 succesoribus
1175 1523 1328 1608 nostris
1349 1520 1545 1605 facienda
1555 1520 1797 1602 dimittimus
1820 1529 1863 1602 et
1883 1519 2025 1605 absol·

376 1638 526 1741 uimus,
574 1665 626 1723 ac
655 1639 861 1751 quittatos
893 1647 936 1723 et
966 1638 1183 1726 absolutos
1217 1641 1531 1726 essevolumus
1571 1667 1646 1749 per
1675 1647 1905 1748 presentes.
1956 1639 2025 1723 Ita

374 1764 532 1861 tamen,
576 1759 691 1867 quod
722 1758 821 1842 dum
861 1767 903 1840 et
933 1759 1104 1870 quando
1143 1761 1305 1844 dictum
1343 1759 1528 1845 Oensum
1570 1758 1754 1842 sedecim
1786 1768 2022 1841 marcarum

374 1876 579 1960 redimere
597 1887 640 1961 et
658 1905 844 1961 reemere
873 1878 1139 1984 voluerimus,
1169 1881 1308 1991 ipsum
1337 1878 1560 1965 Nicolaum
1588 1876 1830 1987 plebanum,
1862 1886 1935 1958 aut
1956 1879 2025 1961 cui

378 1995 654 2083 donacionem
696 2022 898 2081 censuum
929 1996 1212 2106 predictorum
1251 1996 1407 2102 iecerit,
1447 1996 1531 2082 Sex
1570 1995 1785 2080 mensibus
1819 2004 1929 2099 ante,
1971 1995 2024 2077 de

375 2114 469 2222 ipsa
498 2118 764 2227 reempcione
795 2116 956 2199 avisare
988 2113 1203 2203 debemus.
1265 2113 1361 2218 Quo
1392 2116 1506 2202 facto
1535 2114 1683 2200 licebit
1711 2112 1834 2200 nobis
1865 2122 1909 2197 et
1928 2141 2025 2228 suc-

376 2234 614 2350 cessoribus
642 2238 794 2320 nostris
822 2233 1071 2346 prelibatum
1113 2262 1298 2338 censum,
1336 2263 1413 2352 pro
1449 2235 1568 2319 simili
1603 2246 1646 2320 et
1673 2235 1841 2347 integra
1861 2259 2024 2317 summa

374 2353 702 2463 quingentorum
744 2354 997 2440 florenorum
1037 2354 1370 2465 hungaricalium
1411 2356 1501 2439 auri
1530 2352 1631 2442 boni
1663 2362 1705 2437 et
1733 2354 1832 2437 iusti
1860 2354 2020 2463 ponde·

372 2471 441 2572 ris,
473 2495 579 2578 quos
611 2473 666 2557 ab
698 2501 749 2558 eo
780 2474 968 2557 similiter
1010 2475 1258 2584 recepimus,
1304 2485 1348 2557 et
1379 2499 1463 2558 non
1502 2474 1619 2558 aliter
1657 2501 1736 2586 pro
1775 2497 1861 2556 uno
1892 2472 2019 2554 semel

370 2589 414 2669 in
444 2617 593 2675 manus
623 2592 842 2678 memorati
871 2591 1034 2680 Nicolai
1063 2592 1236 2702 plebani
1267 2596 1513 2696 executoris,
1545 2604 1588 2677 et
1606 2616 1901 2678 successorum
1920 2618 2018 2676 suo·

368 2735 474 2811 rum,
505 2711 661 2819 quibus
695 2709 969 2795 donacionem
1000 2710 1148 2797 fecerit
1178 2712 1394 2800 Cracowie
1433 2716 1676 2824 reponenda
1705 2722 1749 2796 et
1776 2710 2021 2822 persoluen-

368 2824 436 2929 da,
468 2828 567 2912 dum
600 2840 643 2913 et
673 2831 844 2938 quando
882 2830 1135 2916 voluerimus
1178 2845 1220 2914 et
1248 2834 1455 2942 placuerit
1493 2834 1697 2917 redimere
1737 2841 1781 2915 et
1819 2857 2016 2912 reamare.

367 2941 579 3060 Quodque
607 2951 700 3058 ipse
728 2951 927 3035 Nicolaus
960 2955 1035 3053 aut
1064 2975 1330 3036 successores
1360 2950 1492 3060 ipsius
1526 2951 1699 3036 debebit
1728 2959 1772 3034 ct
1801 2946 2019 3033 debebunt

366 3063 505 3148 subici
532 3068 725 3176 pariendis
758 3068 1103 3175 quandocunque
1135 3070 1427 3155 euenientibus
1466 3072 1588 3154 iuxta
1618 3080 1813 3158 uabnam
1844 3076 1887 3151 et
1916 3093 2016 3151 con-

365 3193 546 3268 tractum
575 3186 867 3297 reempcionis,
912 3186 1020 3270 alias
1049 3188 1107 3269 ad
1137 3187 1355 3273 arbitrium
1383 3187 1485 3273 boni
1513 3191 1591 3275 vir'i
1619 3189 1827 3294 taxandis,
1862 3214 2015 3270 secun-

368 3304 555 3415 dumque
574 3304 764 3389 eiusdem
793 3333 945 3390 census
978 3308 1258 3415 quantitatem
1288 3318 1332 3389 et
1362 3307 1557 3392 valorem.
1620 3307 1757 3410 Quem
1777 3336 1854 3394 nos
1874 3307 2014 3413 ipsum

370 3432 413 3505 et
442 3449 709 3510 successores
736 3427 882 3535 ipsius,
914 3428 1137 3512 occasione
1158 3453 1361 3509 censuum
1389 3428 1673 3536 predictorum
1703 3431 1747 3511 in
1777 3423 1911 3512 verbo
1939 3451 2014 3507 no-

365 3552 453 3626 stro
481 3545 601 3655 regio
630 3545 900 3655 indempnem
928 3545 1117 3652 reddere,
1155 3544 1420 3657 presentibus
1458 3547 1738 3655 promittimus
1770 3555 1813 3632 et
1842 3529 2012 3654 pollice-

365 3689 471 3746 mur.
501 3662 650 3747 harum
680 3662 836 3773 quibus
866 3664 1050 3777 sigillum
1081 3676 1272 3751 nostrum
1301 3673 1366 3747 est
1397 3683 1629 3775 appensum
1647 3664 1889 3753 testimonio
1917 3661 2012 3744 lite·
2067 3721 2071 3727 -

363 3810 515 3865 rarum.
551 3783 713 3868 xActum
743 3791 789 3866 et
818 3784 965 3868 datum
991 3787 1036 3868 iu
1064 3781 1372 3899 Nyepolomycze
1402 3783 1506 3868 feria
1537 3788 1685 3898 quinta
1721 3795 1820 3896 post
1859 3780 2010 3866 festum

364 3899 560 4011 Epifanie
600 3903 803 4014 proxima.
852 3903 977 3990 Anno
1010 3904 1166 3989 domini
1194 3903 1414 3990 Millesimo
1446 3906 1862 4019 quadringentesimo
1893 3913 2011 3988 octo·

366 4023 528 4133 gesimo
568 4049 691 4108 nono.
738 4023 1011 4108 Presentibus
1053 4023 1210 4107 ibidem
1251 4022 1618 4109 Reuerendissimo
1649 4034 1693 4108 et
1721 4022 2007 4111 illustrissimo

362 4140 552 4250 principe
583 4142 751 4226 dominc
797 4139 1016 4229 ffiederico
1056 4142 1124 4226 dei
1165 4145 1310 4255 gracia
1346 4143 1494 4229 Electo
1526 4144 1784 4248 confirmato,
1816 4140 2007 4227 Ecclesia

365 4258 677 4365 Oracowiensis,
707 4259 1033 4376 Magnificisque
1063 4270 1107 4345 ct
1138 4260 1364 4349 Generosis
1379 4260 1551 4348 ‘dacobo
1584 4264 1636 4347 dc
1659 4262 1819 4345 domboo
1840 4257 2007 4348 Castel-

361 4378 460 4461 lanc
492 4387 537 4459 ct
564 4377 812 4489 capitaneo,
844 4378 873 4463 J
877 4381 1040 4465 ohanne
1071 4382 1201 4467 Amor
1232 4380 1285 4465 de
1316 4382 1509 4466 Thoracis
1537 4382 1723 4492 palatino
1745 4378 2006 4467 Oracowien-

219 4543 225 4554 ·
345 4500 411 4602 si,
443 4496 653 4583 Stanislao
685 4498 737 4581 de
769 4497 1058 4609 Sclydlowr'ecz
1097 4501 1368 4585 Radomiensi
1407 4510 1450 4583 et
1479 4500 1695 4611 Raphaele
1742 4499 1793 4583 de
1824 4494 2005 4581 Leacbno

364 4615 662 4729 Spicimiriensi
695 4617 966 4725 Oastellanis;
1012 4627 1131 4729 petro
1163 4619 1215 4702 de
1249 4613 1509 4731 Caroawoalcy
1542 4615 1683 4733 Regni
1716 4617 1848 4704 nostri
1883 4611 2005 4700 The·
2152 4731 2156 4740 Ι

338 4731 565 4838 usurario,
597 4734 807 4821 Stanislao
840 4737 892 4820 de
931 4735 1190 4849 Wpttowc‘cze
1222 4736 1455 4825 Sanocensi
1486 4738 1731 4851 Capitoneo,
1774 4735 2005 4847 Oampidu-

360 4867 478 4943 ctore
524 4855 709 4969 generali
749 4855 891 4971 Regni
936 4858 1066 4942 nostri
1105 4868 1147 4942 et
1184 4858 1273 4969 alijs
1317 4887 1445 4970 quam
1489 4857 1676 4970 pluribus
1706 4856 1890 4943 testibus
1919 4855 2003 4939 fide

361 4976 514 5089 dignis.
545 4974 704 5060 Datum
734 5003 808 5085 per
837 5004 987 5061 manus
1018 4975 1277 5065 Venerabilis
1307 4976 1503 5091 Gregorij
1534 4979 1589 5064 dc
1616 4971 1851 5064 laodicaeae
1871 4969 2001 5062 Skar-
