5409 6309
1341 864 1388 882 -
1440 827 1514 902 418
1566 865 1639 902 -.

655 1045 702 1118 ta
721 1042 866 1120 nostra
887 1032 1080 1135 sciencia,
1099 1023 1370 1134 ratificamus,
1400 1031 1664 1133 innouamns,
1680 1028 2005 1132 confirmamus,
2040 1027 2309 1139 amabamus,

569 1228 575 1236 .
656 1165 700 1237 et
717 1161 863 1237 tenore
884 1141 1151 1264 presencium
1180 1148 1439 1253 roboramus,
1475 1149 1749 1234 decernentes
1785 1150 1921 1260 ipsam
1956 1146 2085 1233 robur
2120 1151 2310 1259 optinere

653 1281 858 1383 perpetue
878 1272 1099 1356 firmitatis.
1130 1270 1181 1354 In
1203 1270 1323 1352 cuius
1343 1270 1405 1351 rei
1424 1269 1711 1355 testimonium
1727 1269 1910 1380 sigillum
1924 1279 2113 1353 nostrum
2133 1296 2308 1378 presen-

653 1390 766 1475 tibus
790 1401 854 1478 est
872 1390 1202 1501 subappensum.
1250 1388 1406 1471 Actum
1428 1388 1470 1469 in
1491 1383 1679 1502 Rcdomrj
1713 1389 1820 1473 feria
1854 1391 1986 1473 tercia
2020 1389 2307 1499 rogacionum,

604 1522 606 1525 ’
652 1533 762 1595 anno
785 1511 941 1616 domini
962 1510 1178 1593 millesimo
1201 1507 1621 1619 quadringentesimo
1643 1511 2000 1622 quinquagesimo
2024 1511 2184 1617 quinto,
2213 1537 2310 1618 pre·

652 1630 842 1714 sentibus
877 1628 1033 1713 ibidem
1072 1630 1252 1711 strenuis
1289 1630 1519 1739 generosis,
1561 1640 1604 1710 et
1637 1628 1864 1714 nobilibus:
1896 1626 1927 1713 J
1930 1656 2065 1713 oanne
2103 1623 2224 1709 Turlo
2256 1628 2310 1712 de

653 1747 959 1835 Sczelcaolsonice
978 1751 1159 1834 incisore
1181 1746 1334 1858 Regni,
1376 1744 1545 1830 doanne
1590 1745 1813 1862 Canopotnu
1846 1748 1898 1832 de
1920 1746 2182 1834 Lacaenac
2211 1775 2310 1830 suc-

654 1869 882 1953 camerario
903 1867 1151 1954 Lublineusi
1173 1876 1216 1949 ct
1237 1866 1473 1976 capitaneo
1496 1865 1747 1973 Chelmensi,
1783 1867 1960 1954 Nicolao
1991 1869 2043 1950 de
2068 1863 2308 1949 Garamans

651 1988 820 2073 tribuno
864 1987 1179 2090 Graccouicnsi,
1222 1985 1397 2072 Nicolao
1437 1983 1646 2096 Seraphin
1684 1986 1890 2100 gladifero
1923 1985 2226 2078 Graccouiensi
2267 1998 2311 2071 et

652 2108 851 2218 suppario
870 2110 1093 2220 utriusque
1114 2106 1227 2210 salis,
1250 2115 1293 2188 et
1314 2107 1404 2190 aliis
1427 2134 1553 2216 quam
1576 2105 1767 2217 pluribus
1788 2106 2016 2218 fidedignis
2051 2103 2232 2190 testibus
2254 2106 2310 2189 ad

650 2227 1077 2348 premissa-Datum
1098 2254 1175 2336 per
1195 2254 1345 2310 manns
1367 2224 1615 2310 venerabilis
1639 2226 1805 2310 Thome
1844 2225 1895 2308 de
1918 2223 2144 2338 Strampino
2172 2227 2310 2337 magi·

652 2348 726 2430 stri
746 2347 788 2428 in
810 2346 1039 2459 theologia,
1060 2346 1325 2430 decretorum
1347 2346 1530 2430 doctoris
1553 2355 1596 2428 et
1615 2345 1756 2458 Regni
1776 2345 1951 2456 Polonie
1973 2343 2308 2455 vicecancellarij

651 2465 815 2552 sincere
836 2465 960 2552 nobis
982 2465 1135 2549 dilecti.
1158 2465 1226 2549 Ad
1247 2463 1501 2548 relacionem
1524 2467 1710 2550 eiusdem
1731 2465 2081 2550 uicecancellarii.

1399 2940 1573 3059 ccxn.

796 3199 1160 3285 Budare-dle
1185 3197 1224 3283 3
1246 3198 1446 3284 menois
1471 3200 1794 3285 Novembris
1819 3196 1971 3289 1442
1990 3220 2157 3287 anno.
2212 3187 2216 3198 ’

650 3420 946 3502 vladislaus
967 3422 1088 3510 terum
1108 3420 1253 3496 toloneo
1284 3438 1322 3495 rc
1343 3421 1515 3514 dugann
1535 3438 1599 3510 rex,
1621 3422 1760 3495 cuntur
1780 3421 1863 3496 tillir
1884 3426 1918 3496 ot
1936 3422 2179 3498 manduntur
2201 3439 2311 3498 nou·

786 3526 876 3600 nun
889 3527 1020 3600 tamn
1033 3526 1064 3600 8.
1078 3522 1280 3599 mordetis
1297 3524 1399 3598 {oute
1414 3526 1508 3602 talio
1522 3524 1803 3619 pnriodnnjrrir
1816 3526 2106 3619 medellarum
2120 3529 2171 3611 (³).

754 3738 805 3821 ln
825 3738 994 3821 nomine
1018 3733 1176 3818 domini
1198 3729 1335 3816 amen.
1368 3733 1437 3816 Ad
1458 3745 1708 3846 perpetuam
1728 3738 1788 3818 rei
1809 3737 2065 3821 memoriam.
2097 3732 2308 3837 Quoniam
2363 3791 2370 3805 ·

499 3875 503 3886 '
651 3858 791 3941 omnia
810 3855 950 3938 subito
974 3853 1026 3936 de
1047 3852 1256 3935 thesauris
1277 3854 1474 3938 memorie
1512 3856 1727 3958 efluerent,
1763 3856 1845 3939 nisi
1879 3857 2051 3939 testium
2089 3867 2131 3939 et
2149 3856 2310 3940 littera·

648 4005 742 4059 rum
775 3972 1060 4085 perpetuitate
1097 3970 1399 4056 solidarentur:
1439 3974 1615 4084 proinde
1651 4003 1729 4059 nos
1760 3974 2021 4062 Wladislaus
2059 3976 2125 4058 dei
2163 3976 2311 4087 gracia

651 4093 854 4208 Vngarie,
875 4092 1059 4196 Polonie,
1080 4090 1314 4195 Dalmacie,
1337 4089 1528 4196 Oroacie,
1544 4092 1710 4197 Rascie,
1732 4095 1946 4207 Bulgarie,
1965 4092 2190 4179 Sclauonie
2226 4105 2308 4178 etc.

648 4213 752 4320 Rex,
774 4243 853 4298 nec
874 4241 959 4300 non
980 4224 1183 4296 terrarum
1206 4209 1444 4308 Graccouie
1468 4211 1579 4327 (sio),
1603 4213 1880 4320 Sandomirie,
1903 4213 2079 4317 Siradie,
2094 4214 2311 4316 Lancicie,

651 4333 1087 4440 Ouiauis,Lithuanie
1109 4332 1306 4443 princeps
1330 4359 1565 4443 supremus,
1595 4333 1855 4420 Pomeranie.
1908 4333 2148 4444 Russieque
2179 4333 2312 4420 domi·

651 4482 728 4538 nus
752 4466 795 4538 et
814 4456 949 4559 heres,
970 4453 1261 4565 significamus
1282 4462 1429 4537 tenore
1449 4455 1714 4564 presencium
1737 4453 1953 4541 Vniversis
1970 4452 2125 4563 quibus
2142 4454 2315 4564 expedit

651 4574 916 4682 presentibus
940 4585 981 4657 et
1001 4572 1153 4656 futuris
1175 4571 1324 4658 horum
1346 4576 1545 4657 noticiam
1568 4573 1788 4658 habituris.
1842 4570 2067 4675 Quomodo
2094 4602 2170 4685 pro
2190 4583 2313 4685 parte

710 4869 713 4876 ,
756 4810 797 4889 (¹)
819 4807 870 4873 Ex
885 4807 998 4873 eodem
1014 4808 1099 4875 libro
1116 4810 1349 4896 manuscripto.
1368 4809 1551 4875 doctissimi
1568 4809 1816 4911 Stronczpnscii
1818 4809 1979 4961 1proprio,
1995 4808 2163 4896 descripto
2170 4810 2239 4894 jam
2251 4807 2311 4877 snb

653 4917 684 4959 a
702 4895 795 4960 1351.
819 4891 919 4973 (Vide
942 4893 1085 4959 tabulam
1108 4890 1178 4959 CV.
1202 4892 1407 4978 hujusTomi
1423 4916 1498 4983 pag.
1516 4898 1587 4962 231.
1604 4896 1793 4983 Descripsit
1849 4917 1889 4961 eo
1906 4893 2166 4982 Rzyszeaewslrl.
2203 4894 2310 4961 Villae

650 4980 715 5050 huc
730 4987 941 5057 memoratae,
957 4976 1013 5042 ubi
1029 4990 1114 5055 sunt,
1131 4978 1205 5062 ipsa
1220 4978 1327 5044 rabula
1341 4978 1451 5046 docet.
1496 4979 1561 5049 Sed
1577 4981 1694 5048 multae
1706 4983 1774 5066 jun
1789 4980 2024 5048 desiderantur.
