<?xml version="1.0" encoding="UTF-8"?>
<!DOCTYPE html PUBLIC "-//W3C//DTD XHTML 1.0 Transitional//EN"
    "http://www.w3.org/TR/xhtml1/DTD/xhtml1-transitional.dtd">
<html xmlns="http://www.w3.org/1999/xhtml" xml:lang="en" lang="en">
 <head>
  <title>
</title>
<meta http-equiv="Content-Type" content="text/html;charset=utf-8" />
  <meta name='ocr-system' content='tesseract 3.04.00' />
  <meta name='ocr-capabilities' content='ocr_page ocr_carea ocr_par ocr_line ocrx_word'/>
</head>
<body>
  <div class='ocr_page' id='page_1' title='image "./codexdiplomatic00bobogoog_0045.png"; bbox 0 0 5409 6309; ppageno 0'>
   <div class='ocr_carea' id='block_1_1' title="bbox 993 868 1340 946">
    <p class='ocr_par' dir='ltr' id='par_1_1' title="bbox 993 868 1340 946">
     <span class='ocr_line' id='line_1_1' title="bbox 993 868 1340 946; baseline 0.003 0"><span class='ocrx_word' id='word_1_1' title='bbox 993 868 1340 946; x_wconf 76' lang='lat' dir='ltr'>.-·-i-</span> 
     </span>
    </p>
   </div>
   <div class='ocr_carea' id='block_1_2' title="bbox 396 1055 2106 1526">
    <p class='ocr_par' dir='ltr' id='par_1_2' title="bbox 396 1055 2106 1526">
     <span class='ocr_line' id='line_1_2' title="bbox 452 1055 2059 1182; baseline 0.015 -31"><span class='ocrx_word' id='word_1_2' title='bbox 452 1068 655 1178; x_wconf 81' lang='lat' dir='ltr'>temporie</span> <span class='ocrx_word' id='word_1_3' title='bbox 676 1066 944 1151; x_wconf 76' lang='lat' dir='ltr'>admoneam</span> <span class='ocrx_word' id='word_1_4' title='bbox 965 1095 1106 1151; x_wconf 83' lang='lat' dir='ltr'>meam</span> <span class='ocrx_word' id='word_1_5' title='bbox 1132 1067 1454 1173; x_wconf 82' lang='lat' dir='ltr'>pertinentibus.</span> <span class='ocrx_word' id='word_1_6' title='bbox 1487 1055 1866 1182; x_wconf 79' lang='lat' dir='ltr'>quarum&#39;nomina</span> <span class='ocrx_word' id='word_1_7' title='bbox 1886 1084 2059 1176; x_wconf 74' lang='lat' dir='ltr'>subdita</span> 
     </span>
     <span class='ocr_line' id='line_1_3' title="bbox 451 1183 2060 1294; baseline 0.014 -22"><span class='ocrx_word' id='word_1_8' title='bbox 451 1198 563 1272; x_wconf 84' lang='lat' dir='ltr'>sunt.</span> <span class='ocrx_word' id='word_1_9' title='bbox 597 1184 806 1294; x_wconf 77' lang='lat' dir='ltr'>slonijki.</span> <span class='ocrx_word' id='word_1_10' title='bbox 839 1184 1089 1293; x_wconf 82' lang='lat' dir='ltr'>Soothnijkj.</span> <span class='ocrx_word' id='word_1_11' title='bbox 1121 1183 1485 1273; x_wconf 83' lang='lat' dir='ltr'>Rambiescnicze.</span> <span class='ocrx_word' id='word_1_12' title='bbox 1525 1192 1775 1279; x_wconf 87' lang='lat' dir='ltr'>lassochow.</span> <span class='ocrx_word' id='word_1_13' title='bbox 1818 1198 2060 1294; x_wconf 79' lang='lat' dir='ltr'>Zaronioae.</span> 
     </span>
     <span class='ocr_line' id='line_1_4' title="bbox 396 1301 2061 1418; baseline 0.012 -31"><span class='ocrx_word' id='word_1_14' title='bbox 396 1364 401 1370; x_wconf 86' lang='lat'>-</span> <span class='ocrx_word' id='word_1_15' title='bbox 450 1302 756 1414; x_wconf 81' lang='lat' dir='ltr'>Sdanowijoze.</span> <span class='ocrx_word' id='word_1_16' title='bbox 779 1302 1094 1412; x_wconf 80' lang='lat' dir='ltr'>Ohaczewione.</span> <span class='ocrx_word' id='word_1_17' title='bbox 1116 1301 1293 1388; x_wconf 78' lang='lat' dir='ltr'>Brenno.</span> <span class='ocrx_word' id='word_1_18' title='bbox 1314 1302 1462 1415; x_wconf 89' lang='lat' dir='ltr'>Bregij</span> <span class='ocrx_word' id='word_1_19' title='bbox 1478 1306 1555 1418; x_wconf 75' lang='lat'>(²).</span> <span class='ocrx_word' id='word_1_20' title='bbox 1587 1308 1700 1398; x_wconf 85' lang='lat' dir='ltr'>Dedi</span> <span class='ocrx_word' id='word_1_21' title='bbox 1722 1315 1857 1400; x_wconf 81' lang='lat' dir='ltr'>eciam</span> <span class='ocrx_word' id='word_1_22' title='bbox 1877 1307 2061 1406; x_wconf 69' lang='lat' dir='ltr'>cumea·</span> 
     </span>
     <span class='ocr_line' id='line_1_5' title="bbox 451 1419 2106 1526; baseline 0.015 -23"><span class='ocrx_word' id='word_1_23' title='bbox 451 1422 550 1505; x_wconf 88' lang='lat' dir='ltr'>dem</span> <span class='ocrx_word' id='word_1_24' title='bbox 571 1423 738 1507; x_wconf 83' lang='lat' dir='ltr'>decima</span> <span class='ocrx_word' id='word_1_25' title='bbox 759 1422 895 1506; x_wconf 90' lang='lat' dir='ltr'>eidem</span> <span class='ocrx_word' id='word_1_26' title='bbox 932 1421 1112 1506; x_wconf 73' lang='lat' dir='ltr'>ecclesie</span> <span class='ocrx_word' id='word_1_27' title='bbox 1133 1429 1177 1506; x_wconf 84' lang='lat' dir='ltr'>et</span> <span class='ocrx_word' id='word_1_28' title='bbox 1196 1419 1396 1506; x_wconf 78' lang='lat' dir='ltr'>fratribus</span> <span class='ocrx_word' id='word_1_29' title='bbox 1416 1423 1460 1504; x_wconf 90' lang='lat' dir='ltr'>in</span> <span class='ocrx_word' id='word_1_30' title='bbox 1483 1452 1534 1510; x_wconf 87' lang='lat' dir='ltr'>ea</span> <span class='ocrx_word' id='word_1_31' title='bbox 1554 1424 1636 1511; x_wconf 88' lang='lat' dir='ltr'>deo</span> <span class='ocrx_word' id='word_1_32' title='bbox 1657 1432 1952 1520; x_wconf 79' lang='lat' dir='ltr'>servientibus.</span> <span class='ocrx_word' id='word_1_33' title='bbox 1984 1438 2060 1526; x_wconf 73' lang='lat' dir='ltr'>ho·</span> <span class='ocrx_word' id='word_1_34' title='bbox 2104 1427 2106 1436; x_wconf 50' lang='grc'>’</span> 
     </span>
    </p>
   </div>
   <div class='ocr_carea' id='block_1_3' title="bbox 445 1537 2201 1652">
    <p class='ocr_par' dir='ltr' id='par_1_3' title="bbox 445 1537 2201 1652">
     <span class='ocr_line' id='line_1_6' title="bbox 445 1537 2201 1652; baseline 0.012 -32"><span class='ocrx_word' id='word_1_35' title='bbox 445 1540 675 1624; x_wconf 83' lang='lat' dir='ltr'>reditatem</span> <span class='ocrx_word' id='word_1_36' title='bbox 694 1549 845 1625; x_wconf 83' lang='lat' dir='ltr'>totam.</span> <span class='ocrx_word' id='word_1_37' title='bbox 866 1569 998 1651; x_wconf 81' lang='lat' dir='ltr'>quam</span> <span class='ocrx_word' id='word_1_38' title='bbox 1006 1537 1139 1624; x_wconf 84' lang='lat' dir='ltr'>habui</span> <span class='ocrx_word' id='word_1_39' title='bbox 1161 1567 1211 1624; x_wconf 84' lang='lat' dir='ltr'>ex</span> <span class='ocrx_word' id='word_1_40' title='bbox 1232 1546 1355 1646; x_wconf 86' lang='lat' dir='ltr'>parte</span> <span class='ocrx_word' id='word_1_41' title='bbox 1376 1544 1551 1652; x_wconf 76' lang='lat' dir='ltr'>cognati</span> <span class='ocrx_word' id='word_1_42' title='bbox 1570 1543 1667 1652; x_wconf 85' lang='lat' dir='ltr'>maj.</span> <span class='ocrx_word' id='word_1_43' title='bbox 1689 1548 1761 1630; x_wconf 85' lang='lat' dir='ltr'>eui</span> <span class='ocrx_word' id='word_1_44' title='bbox 1780 1573 1938 1638; x_wconf 79' lang='lat' dir='ltr'>nornen</span> <span class='ocrx_word' id='word_1_45' title='bbox 1970 1566 2061 1639; x_wconf 87' lang='lat' dir='ltr'>erat</span> <span class='ocrx_word' id='word_1_46' title='bbox 2198 1551 2201 1557; x_wconf 65' lang='grc'><strong>’</strong></span> 
     </span>
    </p>
   </div>
   <div class='ocr_carea' id='block_1_4' title="bbox 356 1654 2149 3416">
    <p class='ocr_par' dir='ltr' id='par_1_4' title="bbox 356 1654 2149 3416">
     <span class='ocr_line' id='line_1_7' title="bbox 449 1654 2060 1776; baseline 0.01 -37"><span class='ocrx_word' id='word_1_47' title='bbox 449 1654 857 1767; x_wconf 66' lang='lat' dir='ltr'>Zmijlnlijssozme.</span> <span class='ocrx_word' id='word_1_48' title='bbox 880 1657 944 1770; x_wconf 79' lang='lat'>(³)</span> <span class='ocrx_word' id='word_1_49' title='bbox 967 1658 1050 1742; x_wconf 92' lang='lat' dir='ltr'>hoc</span> <span class='ocrx_word' id='word_1_50' title='bbox 1072 1655 1310 1765; x_wconf 83' lang='lat' dir='ltr'>estUijasd.</span> <span class='ocrx_word' id='word_1_51' title='bbox 1324 1655 1935 1776; x_wconf 80' lang='lat' dir='ltr'>blonije.seszie.Bolonijanij.</span> <span class='ocrx_word' id='word_1_52' title='bbox 1955 1667 2060 1760; x_wconf 71' lang='lat' dir='ltr'>Blo-</span> 
     </span>
     <span class='ocr_line' id='line_1_8' title="bbox 447 1771 2058 1895; baseline 0.007 -37"><span class='ocrx_word' id='word_1_53' title='bbox 447 1775 582 1886; x_wconf 82' lang='lat' dir='ltr'>tnijkj.</span> <span class='ocrx_word' id='word_1_54' title='bbox 603 1776 769 1860; x_wconf 83' lang='lat' dir='ltr'>lanche.</span> <span class='ocrx_word' id='word_1_55' title='bbox 802 1774 1071 1878; x_wconf 84' lang='lat' dir='ltr'>Scowrodne.</span> <span class='ocrx_word' id='word_1_56' title='bbox 1103 1771 1359 1882; x_wconf 84' lang='lat' dir='ltr'>Kaminkiej.</span> <span class='ocrx_word' id='word_1_57' title='bbox 1392 1777 1492 1860; x_wconf 89' lang='lat' dir='ltr'>addi</span> <span class='ocrx_word' id='word_1_58' title='bbox 1522 1776 1621 1891; x_wconf 73' lang='lat' dir='ltr'>(sie)</span> <span class='ocrx_word' id='word_1_59' title='bbox 1644 1780 1780 1866; x_wconf 82' lang='lat' dir='ltr'>eciam</span> <span class='ocrx_word' id='word_1_60' title='bbox 1810 1784 1929 1868; x_wconf 87' lang='lat' dir='ltr'>villas</span> <span class='ocrx_word' id='word_1_61' title='bbox 1950 1813 2058 1895; x_wconf 77' lang='lat' dir='ltr'>ques</span> 
     </span>
     <span class='ocr_line' id='line_1_9' title="bbox 447 1890 2059 2010; baseline 0.006 -30"><span class='ocrx_word' id='word_1_62' title='bbox 447 1921 645 1980; x_wconf 84' lang='lat' dir='ltr'>emeram.</span> <span class='ocrx_word' id='word_1_63' title='bbox 687 1893 953 1986; x_wconf 83' lang='lat' dir='ltr'>Dirensnam.</span> <span class='ocrx_word' id='word_1_64' title='bbox 1001 1890 1242 1978; x_wconf 82' lang='lat' dir='ltr'>Buzekorr.&#39;-</span> <span class='ocrx_word' id='word_1_65' title='bbox 1272 1892 1514 2005; x_wconf 86' lang='lat' dir='ltr'>Tropisouo</span> <span class='ocrx_word' id='word_1_66' title='bbox 1555 1894 1687 1984; x_wconf 87' lang='lat' dir='ltr'>Bella.</span> <span class='ocrx_word' id='word_1_67' title='bbox 1724 1897 1910 2010; x_wconf 88' lang='lat' dir='ltr'>Besgen.</span> <span class='ocrx_word' id='word_1_68' title='bbox 1953 1900 2059 2004; x_wconf 79' lang='lat' dir='ltr'>Qui·-</span> 
     </span>
     <span class='ocr_line' id='line_1_10' title="bbox 356 2009 2059 2130; baseline 0.003 -35"><span class='ocrx_word' id='word_1_69' title='bbox 356 2105 365 2112; x_wconf 50' lang='lat'><em>,</em></span> <span class='ocrx_word' id='word_1_70' title='bbox 446 2038 633 2122; x_wconf 84' lang='lat' dir='ltr'>eumque</span> <span class='ocrx_word' id='word_1_71' title='bbox 655 2040 759 2123; x_wconf 87' lang='lat' dir='ltr'>ergo</span> <span class='ocrx_word' id='word_1_72' title='bbox 781 2012 942 2121; x_wconf 87' lang='lat' dir='ltr'>aliquid</span> <span class='ocrx_word' id='word_1_73' title='bbox 962 2011 1017 2096; x_wconf 89' lang='lat' dir='ltr'>de</span> <span class='ocrx_word' id='word_1_74' title='bbox 1035 2010 1130 2096; x_wconf 89' lang='lat' dir='ltr'>istis</span> <span class='ocrx_word' id='word_1_75' title='bbox 1152 2009 1348 2096; x_wconf 84' lang='lat' dir='ltr'>omnibus</span> <span class='ocrx_word' id='word_1_76' title='bbox 1370 2012 1602 2102; x_wconf 81' lang='lat' dir='ltr'>abstulerit.</span> <span class='ocrx_word' id='word_1_77' title='bbox 1623 2014 1692 2108; x_wconf 85' lang='lat' dir='ltr'>vel</span> <span class='ocrx_word' id='word_1_78' title='bbox 1712 2016 1943 2126; x_wconf 75' lang='lat' dir='ltr'>dempserit</span> <span class='ocrx_word' id='word_1_79' title='bbox 1961 2050 2059 2130; x_wconf 72' lang='lat' dir='ltr'>pre-</span> 
     </span>
     <span class='ocr_line' id='line_1_11' title="bbox 446 2127 2057 2230; baseline 0.011 -17"><span class='ocrx_word' id='word_1_80' title='bbox 446 2139 511 2214; x_wconf 88' lang='lat' dir='ltr'>ter</span> <span class='ocrx_word' id='word_1_81' title='bbox 530 2127 795 2216; x_wconf 69' lang='lat' dir='ltr'>&#39;voluntatem</span> <span class='ocrx_word' id='word_1_82' title='bbox 812 2128 1013 2214; x_wconf 82' lang='lat' dir='ltr'>Abbatis.</span> <span class='ocrx_word' id='word_1_83' title='bbox 1035 2137 1078 2212; x_wconf 89' lang='lat' dir='ltr'>et</span> <span class='ocrx_word' id='word_1_84' title='bbox 1097 2128 1274 2216; x_wconf 79' lang='lat' dir='ltr'>fratrum</span> <span class='ocrx_word' id='word_1_85' title='bbox 1294 2131 1524 2216; x_wconf 86' lang='lat' dir='ltr'>anathema</span> <span class='ocrx_word' id='word_1_86' title='bbox 1545 2134 1611 2214; x_wconf 88' lang='lat' dir='ltr'>sit.</span> <span class='ocrx_word' id='word_1_87' title='bbox 1633 2132 1683 2218; x_wconf 91' lang='lat' dir='ltr'>In</span> <span class='ocrx_word' id='word_1_88' title='bbox 1701 2136 1871 2220; x_wconf 87' lang='lat' dir='ltr'>nomine</span> <span class='ocrx_word' id='word_1_89' title='bbox 1884 2138 2057 2230; x_wconf 76' lang='lat' dir='ltr'>domini.</span> 
     </span>
     <span class='ocr_line' id='line_1_12' title="bbox 425 2246 2058 2366; baseline 0.005 -33"><span class='ocrx_word' id='word_1_90' title='bbox 425 2253 449 2316; x_wconf 64' lang='grc' dir='ltr'><strong>ἵ</strong></span> <span class='ocrx_word' id='word_1_91' title='bbox 506 2250 604 2360; x_wconf 81' lang='lat' dir='ltr'>Ego</span> <span class='ocrx_word' id='word_1_92' title='bbox 615 2246 765 2335; x_wconf 85' lang='lat' dir='ltr'>Gedeo</span> <span class='ocrx_word' id='word_1_93' title='bbox 778 2248 1075 2336; x_wconf 81' lang='lat' dir='ltr'>Oracovieneis</span> <span class='ocrx_word' id='word_1_94' title='bbox 1084 2247 1337 2360; x_wconf 83' lang='lat' dir='ltr'>Episcopus.</span> <span class='ocrx_word' id='word_1_95' title='bbox 1350 2248 1450 2334; x_wconf 88' lang='lat' dir='ltr'>dedi</span> <span class='ocrx_word' id='word_1_96' title='bbox 1462 2250 1556 2366; x_wconf 87' lang='lat' dir='ltr'>deo.</span> <span class='ocrx_word' id='word_1_97' title='bbox 1570 2260 1614 2333; x_wconf 88' lang='lat' dir='ltr'>et</span> <span class='ocrx_word' id='word_1_98' title='bbox 1623 2250 1749 2344; x_wconf 81' lang='lat' dir='ltr'>beate</span> <span class='ocrx_word' id='word_1_99' title='bbox 1761 2255 1914 2364; x_wconf 78' lang='lat' dir='ltr'>vlrgini</span> <span class='ocrx_word' id='word_1_100' title='bbox 1923 2254 2058 2342; x_wconf 82' lang='lat' dir='ltr'>Maria</span> 
     </span>
     <span class='ocr_line' id='line_1_13' title="bbox 413 2363 2057 2462; baseline 0.008 -13"><span class='ocrx_word' id='word_1_101' title='bbox 413 2427 417 2432; x_wconf 82' lang='lat'><em>-</em></span> <span class='ocrx_word' id='word_1_102' title='bbox 445 2377 491 2452; x_wconf 87' lang='lat' dir='ltr'>et</span> <span class='ocrx_word' id='word_1_103' title='bbox 509 2376 660 2452; x_wconf 89' lang='lat' dir='ltr'>sancto</span> <span class='ocrx_word' id='word_1_104' title='bbox 679 2365 919 2454; x_wconf 83' lang='lat' dir='ltr'>Adalberto</span> <span class='ocrx_word' id='word_1_105' title='bbox 939 2375 984 2449; x_wconf 86' lang='lat' dir='ltr'>et</span> <span class='ocrx_word' id='word_1_106' title='bbox 1003 2365 1203 2450; x_wconf 80' lang='lat' dir='ltr'>iratribus</span> <span class='ocrx_word' id='word_1_107' title='bbox 1226 2365 1284 2448; x_wconf 61' lang='lat' dir='ltr'>dev</span> <span class='ocrx_word' id='word_1_108' title='bbox 1300 2363 1542 2456; x_wconf 81' lang='lat' dir='ltr'>Andrzeow</span> <span class='ocrx_word' id='word_1_109' title='bbox 1571 2370 1616 2454; x_wconf 91' lang='lat' dir='ltr'>in</span> <span class='ocrx_word' id='word_1_110' title='bbox 1648 2373 1978 2462; x_wconf 68' lang='lat' dir='ltr'>consecratione</span> <span class='ocrx_word' id='word_1_111' title='bbox 2008 2376 2057 2462; x_wconf 88' lang='lat' dir='ltr'>il-</span> 
     </span>
     <span class='ocr_line' id='line_1_14' title="bbox 402 2481 2058 2596; baseline 0.005 -28"><span class='ocrx_word' id='word_1_112' title='bbox 402 2531 408 2538; x_wconf 92' lang='lat'><strong>·</strong></span> <span class='ocrx_word' id='word_1_113' title='bbox 442 2484 524 2570; x_wconf 83' lang='lat' dir='ltr'>lius</span> <span class='ocrx_word' id='word_1_114' title='bbox 544 2485 740 2570; x_wconf 78' lang='lat' dir='ltr'>Ecclesie</span> <span class='ocrx_word' id='word_1_115' title='bbox 776 2486 987 2568; x_wconf 73' lang='lat' dir='ltr'>decinam</span> <span class='ocrx_word' id='word_1_116' title='bbox 1007 2484 1065 2568; x_wconf 87' lang='lat' dir='ltr'>ad</span> <span class='ocrx_word' id='word_1_117' title='bbox 1083 2509 1277 2570; x_wconf 85' lang='lat' dir='ltr'>mensam</span> <span class='ocrx_word' id='word_1_118' title='bbox 1297 2512 1436 2582; x_wconf 84' lang='lat' dir='ltr'>meam</span> <span class='ocrx_word' id='word_1_119' title='bbox 1465 2488 1747 2596; x_wconf 74' lang='lat' dir='ltr'>pertinentem</span> <span class='ocrx_word' id='word_1_120' title='bbox 1777 2481 1964 2576; x_wconf 82' lang='lat' dir='ltr'>omnium</span> <span class='ocrx_word' id='word_1_121' title='bbox 1985 2520 2058 2578; x_wconf 83' lang='lat' dir='ltr'>su-</span> 
     </span>
     <span class='ocr_line' id='line_1_15' title="bbox 426 2602 2057 2715; baseline 0.004 -30"><span class='ocrx_word' id='word_1_122' title='bbox 426 2605 773 2712; x_wconf 77' lang='lat' dir='ltr'>prascriptarum</span> <span class='ocrx_word' id='word_1_123' title='bbox 793 2604 999 2688; x_wconf 73' lang='lat' dir='ltr'>virenon.</span> <span class='ocrx_word' id='word_1_124' title='bbox 1018 2602 1343 2713; x_wconf 87' lang='lat' dir='ltr'>inEpisoopatu</span> <span class='ocrx_word' id='word_1_125' title='bbox 1362 2605 1691 2692; x_wconf 75' lang='lat' dir='ltr'>meoduntauat</span> <span class='ocrx_word' id='word_1_126' title='bbox 1710 2608 1957 2715; x_wconf 74' lang='lat' dir='ltr'>positanrm.</span> <span class='ocrx_word' id='word_1_127' title='bbox 1980 2609 2057 2692; x_wconf 85' lang='lat' dir='ltr'>ad·</span> 
     </span>
     <span class='ocr_line' id='line_1_16' title="bbox 445 2719 2139 2838; baseline 0.008 -37"><span class='ocrx_word' id='word_1_128' title='bbox 445 2719 532 2831; x_wconf 85' lang='lat' dir='ltr'>didj</span> <span class='ocrx_word' id='word_1_129' title='bbox 555 2722 692 2804; x_wconf 85' lang='lat' dir='ltr'>eciam</span> <span class='ocrx_word' id='word_1_130' title='bbox 713 2722 923 2806; x_wconf 76' lang='lat' dir='ltr'>decimam</span> <span class='ocrx_word' id='word_1_131' title='bbox 942 2720 1272 2806; x_wconf 86' lang='lat' dir='ltr'>villecuiusdam</span> <span class='ocrx_word' id='word_1_132' title='bbox 1293 2748 1378 2832; x_wconf 91' lang='lat' dir='ltr'>que</span> <span class='ocrx_word' id='word_1_133' title='bbox 1399 2725 1523 2810; x_wconf 87' lang='lat' dir='ltr'>sedet</span> <span class='ocrx_word' id='word_1_134' title='bbox 1543 2750 1669 2833; x_wconf 87' lang='lat' dir='ltr'>super</span> <span class='ocrx_word' id='word_1_135' title='bbox 1679 2725 1880 2812; x_wconf 83' lang='lat' dir='ltr'>indikam.</span> <span class='ocrx_word' id='word_1_136' title='bbox 1899 2726 1947 2820; x_wconf 84' lang='lat' dir='ltr'>in</span> <span class='ocrx_word' id='word_1_137' title='bbox 1965 2735 2056 2838; x_wconf 80' lang='lat' dir='ltr'>qua</span> <span class='ocrx_word' id='word_1_138' title='bbox 2134 2739 2139 2752; x_wconf 92' lang='lat'><em>&#39;</em></span> 
     </span>
     <span class='ocr_line' id='line_1_17' title="bbox 378 2838 2055 2954; baseline 0.005 -34"><span class='ocrx_word' id='word_1_139' title='bbox 378 2871 382 2878; x_wconf 93' lang='lat'><strong>·</strong></span> <span class='ocrx_word' id='word_1_140' title='bbox 441 2839 596 2948; x_wconf 82' lang='lat' dir='ltr'>sedent</span> <span class='ocrx_word' id='word_1_141' title='bbox 615 2839 787 2949; x_wconf 79' lang='lat' dir='ltr'>Conarij</span> <span class='ocrx_word' id='word_1_142' title='bbox 810 2839 865 2954; x_wconf 85' lang='lat'>(⁴)</span> <span class='ocrx_word' id='word_1_143' title='bbox 888 2844 984 2925; x_wconf 82' lang='lat' dir='ltr'>due.</span> <span class='ocrx_word' id='word_1_144' title='bbox 1007 2838 1106 2952; x_wconf 78' lang='lat' dir='ltr'>(sio)</span> <span class='ocrx_word' id='word_1_145' title='bbox 1128 2841 1303 2926; x_wconf 79' lang='lat' dir='ltr'>honest</span> <span class='ocrx_word' id='word_1_146' title='bbox 1321 2842 1430 2928; x_wconf 88' lang='lat' dir='ltr'>inter</span> <span class='ocrx_word' id='word_1_147' title='bbox 1450 2842 1592 2928; x_wconf 86' lang='lat' dir='ltr'>villam</span> <span class='ocrx_word' id='word_1_148' title='bbox 1622 2840 1805 2929; x_wconf 88' lang='lat' dir='ltr'>filiorum</span> <span class='ocrx_word' id='word_1_149' title='bbox 1833 2842 2055 2954; x_wconf 79' lang='lat' dir='ltr'>Bugiwoz.</span> 
     </span>
     <span class='ocr_line' id='line_1_18' title="bbox 443 2954 2056 3069; baseline 0.002 -29"><span class='ocrx_word' id='word_1_150' title='bbox 443 2966 489 3040; x_wconf 88' lang='lat' dir='ltr'>et</span> <span class='ocrx_word' id='word_1_151' title='bbox 507 2959 648 3041; x_wconf 81' lang='lat' dir='ltr'>villam</span> <span class='ocrx_word' id='word_1_152' title='bbox 668 2958 916 3067; x_wconf 84' lang='lat' dir='ltr'>Nijegoslai.</span> <span class='ocrx_word' id='word_1_153' title='bbox 951 2954 1223 3069; x_wconf 80' lang='lat' dir='ltr'>Quicumque</span> <span class='ocrx_word' id='word_1_154' title='bbox 1247 2984 1352 3066; x_wconf 90' lang='lat' dir='ltr'>ergo</span> <span class='ocrx_word' id='word_1_155' title='bbox 1376 2960 1537 3069; x_wconf 90' lang='lat' dir='ltr'>aliquid</span> <span class='ocrx_word' id='word_1_156' title='bbox 1560 2960 1613 3040; x_wconf 89' lang='lat' dir='ltr'>de</span> <span class='ocrx_word' id='word_1_157' title='bbox 1633 2959 1726 3042; x_wconf 85' lang='lat' dir='ltr'>istie</span> <span class='ocrx_word' id='word_1_158' title='bbox 1759 2960 2056 3046; x_wconf 80' lang='lat' dir='ltr'>omnibus&#39;ab-</span> 
     </span>
     <span class='ocr_line' id='line_1_19' title="bbox 442 3074 2055 3184; baseline 0.004 -29"><span class='ocrx_word' id='word_1_159' title='bbox 442 3076 618 3160; x_wconf 85' lang='lat' dir='ltr'>etulerit.</span> <span class='ocrx_word' id='word_1_160' title='bbox 639 3074 709 3158; x_wconf 84' lang='lat' dir='ltr'>vel</span> <span class='ocrx_word' id='word_1_161' title='bbox 729 3075 960 3184; x_wconf 76' lang='lat' dir='ltr'>dempserit</span> <span class='ocrx_word' id='word_1_162' title='bbox 979 3084 1121 3182; x_wconf 87' lang='lat' dir='ltr'>preter</span> <span class='ocrx_word' id='word_1_163' title='bbox 1133 3074 1398 3156; x_wconf 81' lang='lat' dir='ltr'>voluntatem</span> <span class='ocrx_word' id='word_1_164' title='bbox 1414 3074 1603 3160; x_wconf 82' lang='lat' dir='ltr'>Abbatis</span> <span class='ocrx_word' id='word_1_165' title='bbox 1625 3085 1669 3157; x_wconf 88' lang='lat' dir='ltr'>et</span> <span class='ocrx_word' id='word_1_166' title='bbox 1688 3074 1865 3158; x_wconf 75' lang='lat' dir='ltr'>fratrum</span> <span class='ocrx_word' id='word_1_167' title='bbox 1876 3078 2055 3162; x_wconf 74' lang='lat' dir='ltr'>anathe-</span> 
     </span>
     <span class='ocr_line' id='line_1_20' title="bbox 440 3189 2149 3302; baseline 0.002 -28"><span class='ocrx_word' id='word_1_168' title='bbox 440 3221 513 3274; x_wconf 84' lang='lat' dir='ltr'>ma</span> <span class='ocrx_word' id='word_1_169' title='bbox 533 3195 600 3275; x_wconf 88' lang='lat' dir='ltr'>sit.</span> <span class='ocrx_word' id='word_1_170' title='bbox 632 3191 864 3302; x_wconf 78' lang='lat' dir='ltr'>Utriusque</span> <span class='ocrx_word' id='word_1_171' title='bbox 886 3192 1173 3300; x_wconf 85' lang='lat' dir='ltr'>suprascripte</span> <span class='ocrx_word' id='word_1_172' title='bbox 1195 3189 1457 3274; x_wconf 71' lang='lat' dir='ltr'>donacionis,</span> <span class='ocrx_word' id='word_1_173' title='bbox 1489 3193 1611 3274; x_wconf 88' lang='lat' dir='ltr'>testis</span> <span class='ocrx_word' id='word_1_174' title='bbox 1647 3200 1712 3274; x_wconf 89' lang='lat' dir='ltr'>est</span> <span class='ocrx_word' id='word_1_175' title='bbox 1743 3193 1937 3275; x_wconf 87' lang='lat' dir='ltr'>dominus</span> <span class='ocrx_word' id='word_1_176' title='bbox 1969 3193 2055 3278; x_wconf 86' lang='lat' dir='ltr'>dux</span> <span class='ocrx_word' id='word_1_177' title='bbox 2143 3191 2149 3199; x_wconf 78' lang='grc'><strong><em>’</em></strong></span> 
     </span>
     <span class='ocr_line' id='line_1_21' title="bbox 437 3303 2054 3416; baseline 0 -24"><span class='ocrx_word' id='word_1_178' title='bbox 437 3306 808 3394; x_wconf 85' lang='lat' dir='ltr'>·Mesoo.dominus</span> <span class='ocrx_word' id='word_1_179' title='bbox 819 3303 1221 3393; x_wconf 83' lang='lat' dir='ltr'>KazimirusAbbas</span> <span class='ocrx_word' id='word_1_180' title='bbox 1234 3307 1544 3416; x_wconf 86' lang='lat' dir='ltr'>Tijnijecensis.</span> <span class='ocrx_word' id='word_1_181' title='bbox 1569 3308 1721 3394; x_wconf 82' lang='lat' dir='ltr'>Abbas</span> <span class='ocrx_word' id='word_1_182' title='bbox 1733 3309 1786 3391; x_wconf 89' lang='lat' dir='ltr'>de</span> <span class='ocrx_word' id='word_1_183' title='bbox 1799 3309 1920 3394; x_wconf 83' lang='lat' dir='ltr'>calvo</span> <span class='ocrx_word' id='word_1_184' title='bbox 1932 3337 2054 3395; x_wconf 90' lang='lat' dir='ltr'>mon·</span> 
     </span>
    </p>
   </div>
   <div class='ocr_carea' id='block_1_5' title="bbox 438 3423 2180 3538">
    <p class='ocr_par' dir='ltr' id='par_1_5' title="bbox 438 3423 2180 3538">
     <span class='ocr_line' id='line_1_22' title="bbox 438 3423 2180 3538; baseline 0.001 -28"><span class='ocrx_word' id='word_1_185' title='bbox 438 3437 495 3510; x_wconf 88' lang='lat' dir='ltr'>te.</span> <span class='ocrx_word' id='word_1_186' title='bbox 518 3423 1250 3538; x_wconf 82' lang='lat' dir='ltr'>AbbasdeSehehow(sic).Abbas</span> <span class='ocrx_word' id='word_1_187' title='bbox 1274 3424 1503 3511; x_wconf 85' lang='lat' dir='ltr'>deLehna.</span> <span class='ocrx_word' id='word_1_188' title='bbox 1518 3425 1842 3512; x_wconf 82' lang='lat' dir='ltr'>dominusAiax.</span> <span class='ocrx_word' id='word_1_189' title='bbox 1860 3427 2054 3512; x_wconf 90' lang='lat' dir='ltr'>dominus</span> <span class='ocrx_word' id='word_1_190' title='bbox 2173 3446 2180 3462; x_wconf 86' lang='lat'><strong><em>‘</em></strong></span> 
     </span>
    </p>
   </div>
   <div class='ocr_carea' id='block_1_6' title="bbox 370 3539 2051 3655">
    <p class='ocr_par' dir='ltr' id='par_1_6' title="bbox 370 3539 2051 3655">
     <span class='ocr_line' id='line_1_23' title="bbox 370 3539 2051 3655; baseline 0.005 -35"><span class='ocrx_word' id='word_1_191' title='bbox 370 3609 377 3620; x_wconf 87' lang='lat'>.</span> <span class='ocrx_word' id='word_1_192' title='bbox 440 3539 1006 3655; x_wconf 79' lang='lat' dir='ltr'>Zeoosloas(?)Gneomin1s.</span> <span class='ocrx_word' id='word_1_193' title='bbox 1030 3541 1288 3652; x_wconf 84' lang='lat' dir='ltr'>Stephanus.</span> <span class='ocrx_word' id='word_1_194' title='bbox 1310 3540 1519 3629; x_wconf 78' lang='lat' dir='ltr'>Jacobus.</span> <span class='ocrx_word' id='word_1_195' title='bbox 1542 3543 1748 3648; x_wconf 80' lang='lat' dir='ltr'>Joannes,</span> <span class='ocrx_word' id='word_1_196' title='bbox 1771 3545 1948 3628; x_wconf 86' lang='lat' dir='ltr'>etmulti</span> <span class='ocrx_word' id='word_1_197' title='bbox 1968 3545 2051 3655; x_wconf 83' lang='lat' dir='ltr'>alij.</span> 
     </span>
    </p>
   </div>
   <div class='ocr_carea' id='block_1_7' title="bbox 482 3659 2179 3778">
    <p class='ocr_par' dir='ltr' id='par_1_7' title="bbox 482 3659 2179 3778">
     <span class='ocr_line' id='line_1_24' title="bbox 482 3659 2179 3778; baseline 0.002 -32"><span class='ocrx_word' id='word_1_198' title='bbox 482 3662 574 3747; x_wconf 89' lang='lat' dir='ltr'>Nos</span> <span class='ocrx_word' id='word_1_199' title='bbox 618 3661 767 3774; x_wconf 86' lang='lat' dir='ltr'>itaque</span> <span class='ocrx_word' id='word_1_200' title='bbox 810 3659 1110 3771; x_wconf 86' lang='lat' dir='ltr'>Sigismundus</span> <span class='ocrx_word' id='word_1_201' title='bbox 1164 3660 1258 3770; x_wconf 74' lang='lat' dir='ltr'>Rer</span> <span class='ocrx_word' id='word_1_202' title='bbox 1309 3659 1514 3772; x_wconf 87' lang='lat' dir='ltr'>prefatus.</span> <span class='ocrx_word' id='word_1_203' title='bbox 1556 3661 1862 3778; x_wconf 79' lang='lat' dir='ltr'>supplicacioni</span> <span class='ocrx_word' id='word_1_204' title='bbox 1901 3690 2055 3772; x_wconf 89' lang='lat' dir='ltr'>preno·</span> <span class='ocrx_word' id='word_1_205' title='bbox 2176 3759 2179 3764; x_wconf 84' lang='lat'>.</span> 
     </span>
    </p>
   </div>
   <div class='ocr_carea' id='block_1_8' title="bbox 290 3767 2056 4128">
    <p class='ocr_par' dir='ltr' id='par_1_8' title="bbox 290 3767 2056 4128">
     <span class='ocr_line' id='line_1_25' title="bbox 290 3767 2054 3892; baseline -0.001 -28"><span class='ocrx_word' id='word_1_206' title='bbox 290 3875 297 3888; x_wconf 62' lang='lat'>.</span> <span class='ocrx_word' id='word_1_207' title='bbox 378 3781 526 3864; x_wconf 90' lang='lat' dir='ltr'>minati</span> <span class='ocrx_word' id='word_1_208' title='bbox 575 3776 826 3863; x_wconf 82' lang='lat' dir='ltr'>venerabilis</span> <span class='ocrx_word' id='word_1_209' title='bbox 866 3775 1032 3872; x_wconf 81' lang='lat' dir='ltr'>Alberti</span> <span class='ocrx_word' id='word_1_210' title='bbox 1076 3767 1260 3863; x_wconf 73' lang='lat' dir='ltr'>Abbatis</span> <span class='ocrx_word' id='word_1_211' title='bbox 1304 3777 1497 3890; x_wconf 84' lang='lat' dir='ltr'>benigne</span> <span class='ocrx_word' id='word_1_212' title='bbox 1545 3789 1813 3863; x_wconf 72' lang='lat' dir='ltr'>annuentes·</span> <span class='ocrx_word' id='word_1_213' title='bbox 1844 3780 2054 3892; x_wconf 91' lang='lat' dir='ltr'>simulque</span> 
     </span>
     <span class='ocr_line' id='line_1_26' title="bbox 377 3895 2056 4010; baseline 0.001 -24"><span class='ocrx_word' id='word_1_214' title='bbox 377 3926 458 4008; x_wconf 84' lang='lat' dir='ltr'>pro</span> <span class='ocrx_word' id='word_1_215' title='bbox 494 3927 547 3994; x_wconf 84' lang='lat' dir='ltr'>eo</span> <span class='ocrx_word' id='word_1_216' title='bbox 582 3899 738 3994; x_wconf 75' lang='lat' dir='ltr'>stadio.</span> <span class='ocrx_word' id='word_1_217' title='bbox 771 3895 896 4010; x_wconf 75' lang='lat' dir='ltr'>qnod</span> <span class='ocrx_word' id='word_1_218' title='bbox 928 3898 1121 4008; x_wconf 76' lang='lat' dir='ltr'>exernplo</span> <span class='ocrx_word' id='word_1_219' title='bbox 1157 3899 1362 3984; x_wconf 87' lang='lat' dir='ltr'>maiorum</span> <span class='ocrx_word' id='word_1_220' title='bbox 1393 3908 1633 4006; x_wconf 84' lang='lat' dir='ltr'>nostrorum</span> <span class='ocrx_word' id='word_1_221' title='bbox 1662 3899 1719 4009; x_wconf 14' lang='lat' dir='ltr'>in*</span> <span class='ocrx_word' id='word_1_222' title='bbox 1739 3898 1941 4010; x_wconf 72' lang='lat' dir='ltr'>ecclesiae</span> <span class='ocrx_word' id='word_1_223' title='bbox 1970 3898 2056 4004; x_wconf 78' lang='lat' dir='ltr'>Dei</span> 
     </span>
     <span class='ocr_line' id='line_1_27' title="bbox 380 4015 2054 4128; baseline -0.001 -29"><span class='ocrx_word' id='word_1_224' title='bbox 380 4019 580 4128; x_wconf 81' lang='lat' dir='ltr'>gerimus.</span> <span class='ocrx_word' id='word_1_225' title='bbox 620 4018 866 4128; x_wconf 88' lang='lat' dir='ltr'>prospicere</span> <span class='ocrx_word' id='word_1_226' title='bbox 904 4017 1111 4101; x_wconf 83' lang='lat' dir='ltr'>volentes.</span> <span class='ocrx_word' id='word_1_227' title='bbox 1153 4043 1208 4101; x_wconf 88' lang='lat' dir='ltr'>ne</span> <span class='ocrx_word' id='word_1_228' title='bbox 1248 4017 1333 4103; x_wconf 84' lang='lat' dir='ltr'>hoo</span> <span class='ocrx_word' id='word_1_229' title='bbox 1373 4015 1528 4127; x_wconf 74' lang='lat' dir='ltr'>intelioj</span> <span class='ocrx_word' id='word_1_230' title='bbox 1568 4027 1762 4126; x_wconf 78' lang='lat' dir='ltr'>tempora</span> <span class='ocrx_word' id='word_1_231' title='bbox 1803 4026 2054 4100; x_wconf 88' lang='lat' dir='ltr'>senescente</span> 
     </span>
    </p>
   </div>
   <div class='ocr_carea' id='block_1_9' title="bbox 300 4243 2084 4756">
    <p class='ocr_par' dir='ltr' id='par_1_9' title="bbox 300 4243 2084 4590">
     <span class='ocr_line' id='line_1_28' title="bbox 482 4243 2053 4337; baseline -0.003 -21"><span class='ocrx_word' id='word_1_232' title='bbox 482 4249 525 4330; x_wconf 80' lang='lat'>(¹)</span> <span class='ocrx_word' id='word_1_233' title='bbox 543 4243 652 4316; x_wconf 79' lang='lat' dir='ltr'>Villae</span> <span class='ocrx_word' id='word_1_234' title='bbox 667 4269 688 4312; x_wconf 80' lang='lat' dir='ltr'>a</span> <span class='ocrx_word' id='word_1_235' title='bbox 700 4245 831 4315; x_wconf 80' lang='lat' dir='ltr'>Joanne</span> <span class='ocrx_word' id='word_1_236' title='bbox 845 4258 1045 4315; x_wconf 85' lang='lat' dir='ltr'>memoratae</span> <span class='ocrx_word' id='word_1_237' title='bbox 1072 4258 1149 4316; x_wconf 85' lang='lat' dir='ltr'>eunt</span> <span class='ocrx_word' id='word_1_238' title='bbox 1170 4247 1331 4314; x_wconf 82' lang='lat' dir='ltr'>territorii</span> <span class='ocrx_word' id='word_1_239' title='bbox 1353 4258 1386 4313; x_wconf 87' lang='lat' dir='ltr'>et</span> <span class='ocrx_word' id='word_1_240' title='bbox 1401 4248 1551 4337; x_wconf 84' lang='lat' dir='ltr'>regionis</span> <span class='ocrx_word' id='word_1_241' title='bbox 1566 4246 1766 4314; x_wconf 81' lang='lat' dir='ltr'>Kieloeneis:</span> <span class='ocrx_word' id='word_1_242' title='bbox 1794 4247 1945 4329; x_wconf 69' lang='lat' dir='ltr'>Zlomiiri,</span> <span class='ocrx_word' id='word_1_243' title='bbox 1975 4247 2053 4312; x_wconf 81' lang='lat' dir='ltr'>villa</span> 
     </span>
     <span class='ocr_line' id='line_1_29' title="bbox 380 4322 2053 4433; baseline 0.005 -37"><span class='ocrx_word' id='word_1_244' title='bbox 380 4331 458 4396; x_wconf 83' lang='lat' dir='ltr'>olim</span> <span class='ocrx_word' id='word_1_245' title='bbox 469 4332 700 4400; x_wconf 75' lang='lat' dir='ltr'>ecelesiastica</span> <span class='ocrx_word' id='word_1_246' title='bbox 714 4353 800 4402; x_wconf 74' lang='lat' dir='ltr'>nmo</span> <span class='ocrx_word' id='word_1_247' title='bbox 813 4334 1028 4433; x_wconf 77' lang='lat' dir='ltr'>parochialis,</span> <span class='ocrx_word' id='word_1_248' title='bbox 1046 4322 1193 4421; x_wconf 66' lang='lat' dir='ltr'>Zorapre</span> <span class='ocrx_word' id='word_1_249' title='bbox 1208 4337 1349 4424; x_wconf 70' lang='lat' dir='ltr'>mniajeze</span> <span class='ocrx_word' id='word_1_250' title='bbox 1368 4337 1381 4398; x_wconf 84' lang='lat' dir='ltr'>i</span> <span class='ocrx_word' id='word_1_251' title='bbox 1401 4338 1532 4413; x_wconf 62' lang='lat' dir='ltr'>wirina</span> <span class='ocrx_word' id='word_1_252' title='bbox 1543 4333 1760 4419; x_wconf 67' lang='lat' dir='ltr'>Bembietrpra</span> <span class='ocrx_word' id='word_1_253' title='bbox 1783 4330 1864 4400; x_wconf 80' lang='lat' dir='ltr'>villa</span> <span class='ocrx_word' id='word_1_254' title='bbox 1876 4332 2053 4417; x_wconf 56' lang='lat' dir='ltr'>purorum</span> 
     </span>
     <span class='ocr_line' id='line_1_30' title="bbox 378 4415 2084 4506; baseline 0.002 -26"><span class='ocrx_word' id='word_1_255' title='bbox 378 4415 431 4496; x_wconf 86' lang='lat' dir='ltr'>lis,</span> <span class='ocrx_word' id='word_1_256' title='bbox 447 4417 614 4485; x_wconf 74' lang='lat' dir='ltr'>Losorion</span> <span class='ocrx_word' id='word_1_257' title='bbox 627 4416 670 4482; x_wconf 89' lang='lat' dir='ltr'>ad</span> <span class='ocrx_word' id='word_1_258' title='bbox 683 4417 875 4503; x_wconf 78' lang='lat' dir='ltr'>parochiam</span> <span class='ocrx_word' id='word_1_259' title='bbox 889 4418 1159 4484; x_wconf 84' lang='lat' dir='ltr'>Kozlowiensem</span> <span class='ocrx_word' id='word_1_260' title='bbox 1174 4418 1354 4504; x_wconf 80' lang='lat' dir='ltr'>pertinens.</span> <span class='ocrx_word' id='word_1_261' title='bbox 1398 4418 1559 4506; x_wconf 83' lang='lat' dir='ltr'>Regionis</span> <span class='ocrx_word' id='word_1_262' title='bbox 1575 4438 1655 4481; x_wconf 82' lang='lat' dir='ltr'>vero</span> <span class='ocrx_word' id='word_1_263' title='bbox 1671 4415 1960 4500; x_wconf 72' lang='lat' dir='ltr'>dedrzejoriensis</span> <span class='ocrx_word' id='word_1_264' title='bbox 1975 4428 2052 4483; x_wconf 85' lang='lat' dir='ltr'>sunt</span> <span class='ocrx_word' id='word_1_265' title='bbox 2081 4449 2084 4456; x_wconf 91' lang='grc'>·</span> 
     </span>
     <span class='ocr_line' id='line_1_31' title="bbox 300 4497 2050 4590; baseline 0 -25"><span class='ocrx_word' id='word_1_266' title='bbox 300 4531 304 4540; x_wconf 73' lang='lat'>=</span> <span class='ocrx_word' id='word_1_267' title='bbox 360 4499 475 4574; x_wconf 76' lang='lat' dir='ltr'>,villae</span> <span class='ocrx_word' id='word_1_268' title='bbox 491 4501 636 4590; x_wconf 70' lang='lat' dir='ltr'>Brzepi(</span> <span class='ocrx_word' id='word_1_269' title='bbox 661 4501 855 4581; x_wconf 86' lang='lat' dir='ltr'>arochinlis)</span> <span class='ocrx_word' id='word_1_270' title='bbox 866 4524 942 4567; x_wconf 88' lang='lat' dir='ltr'>cum</span> <span class='ocrx_word' id='word_1_271' title='bbox 956 4503 1105 4578; x_wconf 71' lang='lat' dir='ltr'>Brzeznn·</span> <span class='ocrx_word' id='word_1_272' title='bbox 1120 4503 1303 4567; x_wconf 74' lang='lat' dir='ltr'>Zdanowr&#39;re</span> <span class='ocrx_word' id='word_1_273' title='bbox 1319 4500 1396 4564; x_wconf 90' lang='lat' dir='ltr'>olim</span> <span class='ocrx_word' id='word_1_274' title='bbox 1412 4502 1643 4569; x_wconf 85' lang='lat' dir='ltr'>ecclesiastica</span> <span class='ocrx_word' id='word_1_275' title='bbox 1657 4499 1734 4565; x_wconf 85' lang='lat' dir='ltr'>villa</span> <span class='ocrx_word' id='word_1_276' title='bbox 1754 4497 1934 4586; x_wconf 82' lang='lat' dir='ltr'>parochiae</span> <span class='ocrx_word' id='word_1_277' title='bbox 1954 4499 2050 4571; x_wconf 86' lang='lat' dir='ltr'>Cier-</span> 
     </span>
    </p>

    <p class='ocr_par' dir='ltr' id='par_1_10' title="bbox 378 4525 2052 4756">
     <span class='ocr_line' id='line_1_32' title="bbox 378 4525 1888 4671; baseline -0.001 -19"><span class='ocrx_word' id='word_1_278' title='bbox 378 4582 504 4652; x_wconf 85' lang='lat' dir='ltr'>nensis.</span> <span class='ocrx_word' id='word_1_279' title='bbox 527 4525 668 4650; x_wconf 71' lang='lat' dir='ltr'>Sirotnilir&#39;</span> <span class='ocrx_word' id='word_1_280' title='bbox 679 4588 771 4663; x_wconf 77' lang='lat' dir='ltr'>dicte,</span> <span class='ocrx_word' id='word_1_281' title='bbox 788 4585 874 4651; x_wconf 77' lang='lat' dir='ltr'>mair</span> <span class='ocrx_word' id='word_1_282' title='bbox 886 4590 899 4650; x_wconf 81' lang='lat' dir='ltr'>i</span> <span class='ocrx_word' id='word_1_283' title='bbox 912 4586 1035 4656; x_wconf 76' lang='lat' dir='ltr'>wielkic,</span> <span class='ocrx_word' id='word_1_284' title='bbox 1052 4585 1201 4671; x_wconf 82' lang='lat' dir='ltr'>regionis</span> <span class='ocrx_word' id='word_1_285' title='bbox 1215 4583 1461 4652; x_wconf 70' lang='lat' dir='ltr'>Stobnicensis&#39;.</span> <span class='ocrx_word' id='word_1_286' title='bbox 1649 4659 1652 4668; x_wconf 27' lang='lat'><strong><em>¹</em></strong></span> <span class='ocrx_word' id='word_1_287' title='bbox 1748 4615 1750 4622; x_wconf 37' lang='lat' dir='ltr'>v</span> <span class='ocrx_word' id='word_1_288' title='bbox 1881 4619 1888 4658; x_wconf 66' lang='lat' dir='ltr'><strong><em>f</em></strong></span> 
     </span>
     <span class='ocr_line' id='line_1_33' title="bbox 482 4666 2052 4756; baseline 0.002 -22"><span class='ocrx_word' id='word_1_289' title='bbox 482 4669 525 4751; x_wconf 79' lang='lat'>(³)</span> <span class='ocrx_word' id='word_1_290' title='bbox 543 4666 777 4734; x_wconf 82' lang='lat' dir='ltr'>Muczlrnwski</span> <span class='ocrx_word' id='word_1_291' title='bbox 787 4669 880 4756; x_wconf 86' lang='lat' dir='ltr'>legit:</span> <span class='ocrx_word' id='word_1_292' title='bbox 895 4669 1023 4752; x_wconf 70' lang='lat' dir='ltr'>Botere,</span> <span class='ocrx_word' id='word_1_293' title='bbox 1039 4667 1073 4733; x_wconf 88' lang='lat' dir='ltr'>id</span> <span class='ocrx_word' id='word_1_294' title='bbox 1085 4677 1138 4734; x_wconf 88' lang='lat' dir='ltr'>est</span> <span class='ocrx_word' id='word_1_295' title='bbox 1150 4670 1296 4748; x_wconf 73' lang='lat' dir='ltr'>Basante,</span> <span class='ocrx_word' id='word_1_296' title='bbox 1313 4669 1374 4733; x_wconf 84' lang='lat' dir='ltr'>sed</span> <span class='ocrx_word' id='word_1_297' title='bbox 1385 4679 1497 4737; x_wconf 85' lang='lat' dir='ltr'>certus</span> <span class='ocrx_word' id='word_1_298' title='bbox 1510 4691 1577 4735; x_wconf 88' lang='lat' dir='ltr'>non</span> <span class='ocrx_word' id='word_1_299' title='bbox 1589 4669 1661 4752; x_wconf 80' lang='lat' dir='ltr'>fuit,</span> <span class='ocrx_word' id='word_1_300' title='bbox 1678 4691 1719 4733; x_wconf 85' lang='lat' dir='ltr'>an</span> <span class='ocrx_word' id='word_1_301' title='bbox 1734 4666 1835 4732; x_wconf 82' lang='lat' dir='ltr'>lectio</span> <span class='ocrx_word' id='word_1_302' title='bbox 1852 4688 1931 4731; x_wconf 81' lang='lat' dir='ltr'>vera</span> <span class='ocrx_word' id='word_1_303' title='bbox 1944 4673 2052 4736; x_wconf 78' lang='lat' dir='ltr'>esset?</span> 
     </span>
    </p>
   </div>
   <div class='ocr_carea' id='block_1_10' title="bbox 481 4766 2050 4920">
    <p class='ocr_par' dir='ltr' id='par_1_11' title="bbox 481 4766 2050 4920">
     <span class='ocr_line' id='line_1_34' title="bbox 481 4766 2050 4920; baseline 0 -84"><span class='ocrx_word' id='word_1_304' title='bbox 481 4767 524 4854; x_wconf 78' lang='lat'>(⁴)</span> <span class='ocrx_word' id='word_1_305' title='bbox 546 4767 658 4838; x_wconf 82' lang='lat' dir='ltr'>Debet</span> <span class='ocrx_word' id='word_1_306' title='bbox 673 4790 760 4834; x_wconf 84' lang='lat' dir='ltr'>esse:</span> <span class='ocrx_word' id='word_1_307' title='bbox 776 4771 893 4854; x_wconf 62' lang='lat' dir='ltr'>correrii</span> <span class='ocrx_word' id='word_1_308' title='bbox 907 4769 975 4835; x_wconf 85' lang='lat' dir='ltr'>duo.</span> <span class='ocrx_word' id='word_1_309' title='bbox 989 4767 1288 4854; x_wconf 77' lang='lat' dir='ltr'>Conortipolonice‚</span> <span class='ocrx_word' id='word_1_310' title='bbox 1302 4770 1403 4859; x_wconf 84' lang='lat' dir='ltr'>vulgo</span> <span class='ocrx_word' id='word_1_311' title='bbox 1420 4773 1575 4838; x_wconf 80' lang='lat' dir='ltr'>Koniorze</span> <span class='ocrx_word' id='word_1_312' title='bbox 1589 4770 1810 4836; x_wconf 85' lang='lat' dir='ltr'>nominativus</span> <span class='ocrx_word' id='word_1_313' title='bbox 1818 4766 1960 4920; x_wconf 43' lang='lat' dir='ltr'>pluralis</span> <span class='ocrx_word' id='word_1_314' title='bbox 1976 4769 2050 4853; x_wconf 86' lang='lat' dir='ltr'>(de-</span> 
     </span>
    </p>
   </div>
   <div class='ocr_carea' id='block_1_11' title="bbox 377 4853 2051 4944">
    <p class='ocr_par' dir='ltr' id='par_1_12' title="bbox 377 4853 2051 4944">
     <span class='ocr_line' id='line_1_35' title="bbox 377 4853 2051 4944; baseline 0.001 -23"><span class='ocrx_word' id='word_1_315' title='bbox 377 4856 517 4924; x_wconf 78' lang='lat' dir='ltr'>rivatum</span> <span class='ocrx_word' id='word_1_316' title='bbox 532 4855 855 4939; x_wconf 60' lang='lat' dir='ltr'>alconequustnnt</span> <span class='ocrx_word' id='word_1_317' title='bbox 867 4875 975 4941; x_wconf 83' lang='lat' dir='ltr'>genus</span> <span class='ocrx_word' id='word_1_318' title='bbox 990 4875 1162 4921; x_wconf 84' lang='lat' dir='ltr'>servorum</span> <span class='ocrx_word' id='word_1_319' title='bbox 1177 4853 1220 4919; x_wconf 86' lang='lat' dir='ltr'>ad</span> <span class='ocrx_word' id='word_1_320' title='bbox 1232 4876 1336 4942; x_wconf 83' lang='lat' dir='ltr'>equos</span> <span class='ocrx_word' id='word_1_321' title='bbox 1351 4855 1591 4923; x_wconf 86' lang='lat' dir='ltr'>custodiendos</span> <span class='ocrx_word' id='word_1_322' title='bbox 1603 4854 1814 4944; x_wconf 78' lang='lat' dir='ltr'>destinatum</span> <span class='ocrx_word' id='word_1_323' title='bbox 1849 4854 1935 4934; x_wconf 86' lang='lat' dir='ltr'>atine</span> <span class='ocrx_word' id='word_1_324' title='bbox 1952 4875 2051 4943; x_wconf 84' lang='lat' dir='ltr'>saepe</span> 
     </span>
    </p>
   </div>
   <div class='ocr_carea' id='block_1_12' title="bbox 367 4935 878 5028">
    <p class='ocr_par' dir='ltr' id='par_1_13' title="bbox 367 4935 878 5028">
     <span class='ocr_line' id='line_1_36' title="bbox 367 4935 878 5028; baseline -0.012 -16"><span class='ocrx_word' id='word_1_325' title='bbox 367 4937 537 5012; x_wconf 70' lang='lat' dir='ltr'>leniorne</span> <span class='ocrx_word' id='word_1_326' title='bbox 549 4962 697 5028; x_wconf 64' lang='lat' dir='ltr'>operetur</span> <span class='ocrx_word' id='word_1_327' title='bbox 714 4935 878 5026; x_wconf 83' lang='lat' dir='ltr'>appellati.</span> 
     </span>
    </p>
   </div>
   <div class='ocr_carea' id='block_1_13' title="bbox 0 0 2710 6309">
    <p class='ocr_par' dir='ltr' id='par_1_14' title="bbox 0 0 2710 6309">
     <span class='ocr_line' id='line_1_37' title="bbox 0 0 2710 6309; baseline 0 6"><span class='ocrx_word' id='word_1_328' title='bbox 0 0 2710 6309; x_wconf 95' lang='lat' dir='ltr'> </span> 
     </span>
    </p>
   </div>
   <div class='ocr_carea' id='block_1_14' title="bbox 2695 3059 2715 5934">
    <p class='ocr_par' dir='ltr' id='par_1_15' title="bbox 2695 3059 2715 5934">
     <span class='ocr_line' id='line_1_38' title="bbox 2695 3059 2715 5934; baseline 0 0"><span class='ocrx_word' id='word_1_329' title='bbox 2695 3059 2715 5934; x_wconf 95' lang='lat' dir='ltr'> </span> 
     </span>
    </p>
   </div>
  </div>
 </body>
</html>
