5409 6309
1023 928 1076 952 ⁶·
1131 894 1200 969 lta
1252 926 1304 947 -··

329 1135 480 1210 causa,
515 1100 803 1214 benignitate,
840 1109 968 1210 prout
1003 1092 1202 1212 dignitati
1236 1102 1381 1180 nostre
1405 1096 1605 1181 convenit
1625 1096 1875 1210 diligencias
1898 1097 1996 1212 (sio)
2045 1196 2047 1201 ,

328 1230 539 1311 intuentes
577 1219 721 1304 fidelia
756 1219 936 1302 servicia
955 1226 1000 1300 et
1019 1219 1240 1319 continua,
1277 1215 1380 1325 ipsis
1405 1223 1614 1299 eteorum
1644 1219 1826 1328 posteris
1848 1221 1999 1304 damus
2032 1248 2036 1253 ·

330 1353 373 1428 et
392 1344 530 1453 tytulo
560 1346 767 1450 perpetue
799 1336 1047 1421 donacionis
1079 1332 1335 1421 conferimus
1366 1331 1543 1415 liberam
1565 1343 1609 1415 et
1628 1338 1914 1420 omnimodam
1933 1337 1999 1420 fa·

330 1463 533 1546 cultatem
563 1456 728 1567 absque
759 1455 875 1537 omni
907 1482 1066 1566 genere
1092 1453 1321 1539 solucionis
1341 1441 1553 1559 theolonej
1575 1481 1651 1560 per
1672 1454 1902 1538 dominium
1922 1482 2000 1539 no·
2102 1472 2105 1479 ’

329 1592 464 1663 strum
486 1575 829 1663 Sandomin‘eusc
848 1570 1098 1682 ubidandus
1112 1570 1336 1670 locorum,
1368 1568 1486 1678 quod
1507 1568 1563 1650 ad
1583 1596 1661 1654 nos
1682 1573 1865 1682 pertinet
1883 1582 2000 1656 ban-

322 1697 479 1780 'seundi
496 1723 595 1777 cum
616 1689 810 1774 curribus
842 1688 1214 1801 qualibuscunque
1250 1686 1379 1770 rebus
1417 1686 1673 1798 (oneratisi),
1709 1691 2000 1799 equitantibus
2176 1794 2179 1801 ἱ

330 1827 375 1898 ct
392 1812 603 1924 pedestris
625 1807 724 1924 (sic)
748 1804 1065 1889 ambulantibus
1088 1814 1220 1916 atque
1243 1804 1417 1914 navigio
1446 1832 1524 1915 per
1555 1834 1714 1917 aquam
1744 1812 2001 1890 transeunti·
2062 1800 2067 1817 “

328 1933 409 2017 bus
432 1959 530 2012 cum
548 1925 783 2028 mercibus,
803 1928 847 2006 in
867 1933 1125 2036 perpetuum
1155 1921 1338 2031 pacifice
1361 1932 1405 2029 et
1424 1924 1599 2034 quiete3.
1621 1924 1815 2035 Excepto
1849 1926 2001 2009 dunta-

329 2060 424 2152 xat,
457 2046 573 2159 quod
594 2032 676 2155 alia
696 2043 910 2127 theolonia
932 2039 1043 2156 (sic),
1075 2071 1159 2153 que
1181 2041 1238 2123 ad
1260 2068 1337 2124 nos
1360 2067 1444 2125 non
1480 2044 1713 2149 pertinent,
1744 2036 1907 2128 solvere
1937 2055 2003 2128 te·

330 2167 557 2267 uehuntur,
578 2162 814 2245 secundum
835 2160 1188 2245 consuetudinem
1209 2155 1265 2239 ab
1284 2156 1467 2273 antiquo
1490 2157 1775 2244 observatam.
1806 2161 1859 2245 In
1880 2165 2042 2247 cuius.

329 2288 393 2370 rei
412 2283 699 2367 testimonium
732 2289 775 2363 et
797 2268 1061 2362 evidenciam
1093 2278 1330 2361 cerciorem
1361 2285 1492 2386 atque
1531 2289 1739 2388 perpetue
1758 2279 2002 2367 stabilitatis
2107 2316 2115 2334 ·

331 2403 594 2503 firmitatem,
614 2407 855 2508 presentem
876 2397 1080 2507 paginam
1101 2393 1312 2480 conscribi
1336 2393 1514 2478 fecimus
1537 2424 1588 2481 ac
1611 2399 1743 2480 nostri
1763 2398 1891 2510 sigilli
1909 2429 2004 2483 mu-

329 2521 485 2603 nimine
523 2512 783 2624 communirj.
836 2514 995 2598 Actum
1014 2516 1058 2595 in
1081 2512 1234 2598 Castro
1275 2509 1528 2595 cracoviensi
1555 2512 1612 2597 ab
1646 2545 1757 2602 anno
1779 2517 2005 2609 Dominice

251 2632 254 2639 ’
330 2636 640 2721 incarnacionis
660 2630 1020 2719 M..0.0.0.XII·.
1039 2628 1083 2718 X
1101 2630 1171 2714 Kl.
1193 2630 1355 2740 Marcij.
1390 2630 1547 2715 (loram
1567 2632 1649 2742 hijs
1672 2633 1873 2740 testibus,
1896 2663 2004 2745 quo·
2052 2660 2056 2665 ·

331 2784 424 2841 rum
444 2757 527 2843 ista
546 2760 645 2834 sunt
664 2752 846 2835 nomina:
895 2751 1057 2836 Comes
1092 2748 1295 2835 Albertus
1324 2747 1537 2858 palatinus
1560 2750 1915 2839 Sandomiriensis
1938 2751 2006 2865 (⁴),
2083 2780 2087 2802 ¹

333 2872 540 2981 Dominus
562 2869 734 2953 Jaroste
758 2867 814 2982 (l)
853 2868 1142 2954 Cancellarius
1180 2866 1327 2970 (luris,
1350 2865 1522 2951 Comes
1558 2869 1804 2956 Prandotha
1826 2871 2006 2954 Cancel·
2149 2928 2152 2933 ·

333 2991 460 3073 larius
484 2988 858 3094 sandomiriensis,
891 2986 1046 3071 Comes
1068 2984 1340 3068 Thomislaus
1363 2981 1550 3068 Venator
1572 2985 1888 3090 Oracoviensis,
1921 2985 2006 3070 Oo·
2041 3064 2046 3079 ‚
2133 2998 2134 3005 '

334 3136 423 3191 mes
458 3107 667 3215 Navogus
705 3102 1069 3187 Subcamerarius·
1092 3100 1445 3185 Sandomiriensis
1484 3114 1527 3185 et
1562 3101 1777 3191 Jaschzco
1815 3101 2007 3212 Scriptor

262 3214 266 3221 ⁴
333 3226 516 3309 Domine
536 3222 739 3324 Ducisse,
776 3220 953 3332 quihoc
974 3218 1245 3330 privilegium
1277 3220 1524 3330 compilavit
1547 3231 1590 3305 et
1608 3224 1790 3334 scripsit.
1843 3221 2006 3329 Datum

337 3351 480 3429 autem
501 3349 567 3423 ost
585 3368 662 3450 per
682 3365 834 3426 manus
857 3338 1045 3421 eiusdem
1067 3336 1225 3445 notarij
1237 3335 1450 3422 desconis.

364 3720 368 3721 ν
440 3674 483 3756 (⁴)
500 3656 599 3759 A'pud
624 3670 855 3745 Niesieccium:
875 3660 1033 3744 'Korona
1059 3673 1201 3758 Polska‚
1214 3675 1266 3745 .Τ.
1282 3676 1308 3743 1.
1345 3676 1505 3746 Albertus
1534 3676 1699 3763 palatinus
1729 3674 2007 3747 Sandomiriensis

336 3769 486 3827 mortuus
501 3766 556 3838 est
567 3780 654 3841 anno
672 3760 764 3841 1311,
780 3758 873 3844 quod
888 3760 1048 3840 videmus,
1064 3761 1171 3827 minus
1187 3770 1239 3829 est
1250 3764 1385 3853 justpm.
1416 3760 1541 3828 Deillo
1556 3760 1697 3828 Alberto
1712 3760 1805 3848 legas
1822 3762 2010 3831 doctissimi

337 3843 541 3932 professoris
558 3842 701 3911 Helcelii
716 3844 757 3909 de
774 3844 978 3911 monasterio
994 3844 1255 3914 Andre‘oriensi
1269 3845 1565 3933 praeclarissimam
1583 3846 1851 3913 dissertationem
1872 3871 1949 3935 pag.
1966 3849 2007 3917 41

338 3938 372 3995 ct
388 3931 436 3994 73.
478 3927 519 3994 In
534 3950 637 4014 opere
653 3926 833 3994 Lelewelii:
871 3927 1021 4012 ,Polsks
1042 3868 1199 3996 trednich
1219 3930 1379 3997 wiekdw'’
1395 3931 1435 3997 Τ.
1449 3931 1506 3998 Ill.
1543 3929 1702 3999 Albertus
1716 3931 1881 4018 palatinus
1895 3955 2014 4015 mense<

297 4032 311 4091 j
337 4011 506 4163 tdoecembri
531 4015 612 4077 1311
636 4013 759 4101 legitur
773 4013 806 4079 in
823 3978 950 4082 Codice
972 4012 1188 4100 diplomatico
1204 4026 1238 4085 et
1251 4014 1343 4105 legas
1360 4016 1458 4085 etiam
1473 4015 1514 4085 de
1530 4014 1587 4081 illo
1603 4016 1732 4084 codicis
1755 4017 1864 4084 nostri
1877 4016 2007 4107 priores

247 4130 255 4151 ι
375 4116 457 4161 nos.
