5409 6309
915 818 1332 911 ⁶—4sl-

320 1035 330 1048 '
470 977 558 1124 llos
578 1037 708 1150 igitur
729 1034 960 1122 Oazimirus
980 1064 1053 1120 rex
1073 1036 1262 1148 prefatus
1290 1037 1565 1148 petitionibus
1600 1034 1774 1149 pretatis
1812 1045 2015 1151 tunquam

368 1158 489 1244 iustis
512 1167 555 1242 et
572 1153 892 1243 rationabilibus
911 1154 1152 1268 benigniter
1173 1166 1405 1241 annuentes
1445 1156 1716 1269 Privilagium
1735 1160 2014 1269 prescriptum
2164 1233 2169 1246 .

347 1279 409 1364 .in
431 1275 622 1363 omnibus
642 1275 917 1386 suis‘punctis
948 1276 1154 1386 capitulis,
1182 1275 1365 1360 articulis
1398 1273 1595 1360 clausulis
1631 1284 1675 1358 et
1707 1277 2016 1362 conditionibus
2079 1345 2085 1358 .

369 1397 589 1480 universis.
621 1394 679 1478 Et
698 1406 824 1507 prout
842 1395 968 1480 modo
989 1407 1244 1480 memoratus
1264 1393 1415 1479 Abbae
1438 1392 1638 1506 oppidum
1655 1392 1869 1505 prefatum
1884 1406 2014 1482 tenet.

368 1513 513 1599 habet.
537 1542 587 1598 ac
608 1513 812 1624 possidet.
835 1515 888 1598 de
908 1514 1174 1626 benignitate
1193 1523 1338 1622 nostra
1357 1512 1508 1624 Regia.
1537 1511 1807 1600 ratificamus.
1840 1513 2016 1601 innova·

367 1659 473 1718 mus.
494 1632 753 1719 roboramus.
776 1643 821 1717 et
838 1635 1044 1744 presentis
1080 1635 1225 1744 scripti
1243 1633 1475 1745 patrocinio
1513 1629 1821 1718 confirmamus.
1857 1634 2015 1718 Decer-
2065 1643 2068 1648 '

367 1763 516 1836 nentes
536 1752 638 1836 illud
656 1749 784 1838 robur
799 1762 1005 1863 perpetue
1021 1751 1229 1839 firmitatis
1247 1752 1450 1838 obtinere.
1482 1749 1646 1834 Harum
1665 1750 1819 1858 quibus
1835 1754 2015 1863 sigillum

367 1883 555 1955 nostrum
576 1880 641 1954 est
661 1900 897 1983 appensum
917 1871 1155 1958 testimonio
1191 1874 1416 1957 literarum.
1470 1869 1627 1954 Actum
1669 1868 1873 1956 Cracovie
1912 1870 2018 1957 feria

368 2000 521 2101 quarta
540 1992 731 2100 proxima
750 2002 850 2102 poet
867 1988 1026 2075 festum
1049 1988 1196 2077 Sancti
1215 1991 1432 2075 Francisci
1461 1985 1738 2076 Confessoris.
1784 1990 1909 2082 Anno
1941 1993 2017 2076 do·
2178 2076 2183 2084 ,

367 2109 469 2194 mini
489 2109 710 2195 Millesimo
732 2110 1164 2223 quadringentesimo.
1187 2110 1543 2224 quinquagesimo
1565 2117 1698 2192 sexto.
1744 2106 2016 2194 Presentibus

366 2227 522 2311 ibidem
544 2229 798 2314 Reuerendo
820 2233 862 2311 in
884 2228 1052 2314 Christo
1073 2239 1195 2338 patre
1217 2229 1385 2313 domino
1407 2227 1576 2342 Tboma
1597 2228 1663 2311 dei
1678 2230 1818 2339 gratia
1839 2229 2017 2340 Episco-

248 2396 251 2406 ·
366 2373 434 2455 po.
466 2348 558 2431 Nec
579 2373 663 2432 non
684 2347 922 2459 Magnificis
964 2355 1007 2428 et
1028 2345 1252 2434 Generosis
1288 2345 1456 2431 Joanne
1495 2347 1548 2429 de
1579 2343 1732 2458 Czyzow
1756 2346 2016 2435 »castellano
2115 2430 2118 2438 .

366 2476 410 2548 et
432 2467 679 2575 Capitaneo.
721 2465 890 2551 Joanne
912 2466 966 2549 de
987 2466 1203 2580 Thanarr'jn
1222 2465 1416 2551 Palatino
1440 2465 1723 2552 Oracoviensi.
1760 2466 1941 2553 Ozeslao
1963 2467 2015 2550 de

368 2580 633 2697 Curozroonlczj
669 2584 912 2671 Castellano
952 2582 1226 2696 Lublijnensi.
1279 2584 1452 2670 Oreslao
1502 2582 1706 2699 Wor’jaer'jlr
1733 2586 1796 2701 ¹de
1844 2585 2016 2698 Woycau

368 2702 686 2789 Succamerario
716 2704 891 2789 Nicolao
929 2700 1265 2814 Cbrznnrtlcowslcj
1290 2703 1480 2789 Tribuno
1503 2703 1787 2810 Orucoviensi,
1820 2714 1863 2795 et
1883 2704 2019 2791 Joan·

365 2851 419 2905 ne
444 2818 701 2935 Curopatlrwo
736 2823 787 2906 de
821 2823 1065 2906 Luczucboro
1102 2824 1418 2909 Succamerario
1448 2822 1697 2908 Lublinensi
1719 2832 1762 2905 et
1783 2821 2018 2935 Capitaneo

365 2940 608 3026 Chelmensi
629 2950 673 3022 et
692 2942 782 3051 alijs
805 2970 934 3053 quam
954 2940 1143 3048 pluribus
1174 2941 1354 3024 testibus
1375 2941 1488 3023 circa
1507 2944 1722 3049 premissa.
1763 2941 1923 3027 Datum
1943 2971 2026 3053 per

363 3086 514 3142 manus
535 3060 772 3143 Reuerendi
788 3059 919 3169 patris
936 3059 1094 3142 domini
1112 3058 1292 3144 Joannis
1306 3057 1544 3144 Luthkonis
1577 3059 1629 3142 de
1661 3058 1847 3170 Brzeaije.
1882 3063 2017 3145 utriu·
2181 3125 2183 3128 .

364 3202 471 3285 sque
487 3174 605 3258 Juris
624 3176 808 3260 doctoris
831 3174 950 3264 Sacri
964 3175 1124 3288 Palacij
1145 3178 1380 3289 Apostolici
1400 3205 1623 3262 causarum
1644 3177 1844 3262 auditoria
1866 3177 2016 3262 Archi·

364 3295 532 3378 diaconi
555 3293 818 3381 Gneznensis
839 3305 883 3379 et
898 3295 1036 3408 Regni
1056 3297 1228 3382 Polonie
1250 3295 1593 3406 Vicecancellarij
1615 3324 1789 3409 syncera
1808 3299 1931 3387 nobis
1953 3298 2016 3381 di·

366 3414 476 3498 lecti.
517 3412 682 3499 Relatio
700 3412 959 3499 Venerabilis
982 3414 1159 3499 <Ioannis
1178 3417 1245 3500 ·de
1265 3415 1424 3501 Brzetie
1443 3416 1662 3523 utriusque
1682 3414 1801 3500 duris
1823 3416 2016 3505 doctoris.

271 3585 273 3600 ι
366 3531 500 3641 Sacrij
521 3532 675 3644 palacij
697 3531 1177 3645 Apostolicicausarum
1213 3536 1413 3620 auditoris
1434 3534 1732 3621 Archidiaconi
1754 3532 2016 3624 Gneanensis

363 3653 414 3741 R.
451 3651 497 3737 Ρ.
528 3651 878 3763 νίοοοεηοθΠαῐῇ
1086 3661 1088 3667 ’
1691 3657 1696 3668 ’

471 3774 595 3857 1505.
619 3770 752 3855 Cuius
774 3772 1223 3885 quidem-Venerabilis
1245 3774 1424 3861 Joannie
1440 3770 1622 3861 Abbatis
1638 3774 2016 3885 supplicationibus

363 3892 453 3976 Nos
474 3890 714 3974 Alexander
733 3889 826 3977 Rex
844 3892 1046 4003 prefatus.
1067 3905 1273 4009 tanquam
1288 3894 1410 3977 iustis
1423 3890 1665 4006 benigniter
1678 3893 1875 3978 acclinati
1883 3895 2018 3979 Privi·
2080 3961 2084 3966 .

363 4009 519 4123 legium
531 4003 812 4119 preinsertum⁴
822 4010 866 4093 in
882 4014 1075 4097 omnibns
1094 4015 1281 4099 eiusdem
1295 4012 1465 4124 punctis
1482 4011 1804 4098 conditionibus.
1821 4014 2015 4098 clausulis
2077 4090 2079 4093 ⁴

368 4137 410 4211 et
431 4128 633 4213 articulis.
653 4136 805 4214 ratum.
827 4129 994 4215 firmum
1010 4141 1053 4216 et
1074 4144 1239 4245 gratum
1257 4130 1462 4216 habentes
1480 4132 1531 4215 de
1544 4131 1683 4244 gratia
1701 4142 1844 4218 nostra
1863 4158 2033 4244 appror
2156 4173 2159 4177 ⁴

367 4249 573 4332 bavimus.
603 4246 941 4335 confirmavimus
977 4263 1020 4334 et
1037 4251 1351 4354 ratificavimus,
1386 4251 1759 4361 approbamusque
1794 4251 2015 4338 confirma-

364 4394 458 4450 mus
481 4377 524 4450 et
542 4365 801 4452 ratificamus
827 4379 974 4455 tenore
995 4373 1253 4479 presentium
1283 4367 1507 4456 mediante.
1553 4371 1840 4456 Decementes
1874 4372 2012 4481 ipsum

365 4485 494 4571 robur
512 4494 715 4597 perpetue
735 4485 943 4573 firmitatis
958 4489 1171 4620 obtinere.
1217 4487 1277 4624 In·
1289 4490 1420 4610 cuius·
1436 4491 1496 4574 rei
1517 4490 1799 4578 testimonium
1833 4488 2013 4601 sigillum

364 4741 437 4810 pro:
455 4719 553 4820 Quod²
569 4718 885 4820 Quomodo.-Vers
901 4726 930 4788 4.
946 4728 1142 4810 proterium,
1158 4705 1397 4792 etiam—Vere
1413 4725 1442 4789 5.
1453 4746 1530 4823 pro:
1559 4724 1691 4795 Domini
1719 4721 1903 4800 Modliborit
1943 4721 2013 4789 De·
2099 4765 2101 4772 ,
2127 4733 2137 4744 “

363 4829 450 4873 mum
460 4803 797 4892 Modrlrbosrj.-Pro:
812 4809 918 4892 baira,
937 4809 1171 4877 totius-Pro:
1190 4811 1219 4876 Τ
1237 4810 1382 4883 auraria,
1399 4807 1774 4895 Thrjmczensis.-Vera
1790 4810 1819 4876 9.
1834 4827 1906 4897 pro:
1926 4806 2012 4898 Opo-

364 4889 953 4979 wuito,Oppathowiecz.-Vers13.
976 4916 1046 4983 pro:
1064 4834 1262 4975 Pouasalb,
1284 4892 1435 4961 Polonici
1449 4905 1513 4961 etc.

468 5029 548 5071 romu
562 5029 600 5072 ur
1764 4999 1803 5066 61
