5409 6309
1026 949 1344 1082 -'85··-·

319 1166 557 1271 firmantes,
594 1192 703 1278 ques
739 1171 931 1273 tempore
953 1161 1094 1247 dilecti
1114 1161 1257 1272 patrui
1275 1161 1410 1248 nostri
1428 1160 1563 1245 Ducis
1586 1163 1785 1251 Conradi.
1807 1170 1987 1259 heredes

223 1343 225 1347 ·
320 1282 564 1424 Monasterij
587 1285 643 1367 de
663 1293 840 1372 stcucteo
859 1280 1040 1364 fecerint
1060 1307 1158 1382 cum
1178 1281 1423 1366 hominibus
1457 1283 1614 1364 nostris
1637 1284 1690 1366 de
1712 1283 1910 1398 Karpouu
1932 1289 1993 1404 (ι)

321 1429 396 1512 qul
383 1404 647 1538 uulgariter
662 1410 855 1513 pstressto
877 1383 1087 1482 dicuntur.
1124 1396 1428 1481 transferentes
1452 1425 1525 1483 eos
1548 1398 1601 1481 de
1621 1400 1737 1485 bona
1767 1405 1989 1489 uoluntate

318 1523 459 1625 patrui
480 1521 612 1604 nostri
632 1515 826 1628 predicti.
847 1517 991 1602 sicut
979 1546 1024 1600 m
1042 1516 1333 1626 priuilegiis
1296 1543 1388 1600 erus
1407 1513 1668 1623 incessimus,
1689 1519 1732 1600 in
1751 1519 1914 1605 Pontou
1931 1527 1947 1638 (
1956 1523 1987 1635 3)

318 1636 459 1721 ιιιιιιιιι
498 1664 643 1720 eorum
677 1633 897 1738 uidelicet,
932 1634 1179 1719 monasterii
1199 1635 1445 1741 supradicti
1469 1634 1526 1716 ed
1545 1580 1670 1717 naroli
1685 1638 1984 1744 pertinentem.

318 1753 434 1836 facta
477 1754 807 1839 commutatione
837 1779 935 1834 cum
968 1752 1127 1834 eisdem
1167 1750 1409 1836 hominibus
1451 1753 1617 1865 nostris.
1671 1751 1986 1841 Confirmamus
2062 1817 2066 1826 ,

320 1870 454 1953 eciam
475 1857 594 1986 quod
615 1871 772 1957 Comes
793 1869 962 1953 Petrus
970 1871 1022 1951 de
1048 1864 1250 1964 Coscelecls
1272 1897 1401 1981 agros
1423 1893 1569 1954 omnes
1597 1898 1706 1981 quos
1728 1873 1771 1955 in
1791 1875 1887 1983 ipsa
1906 1863 1988 1957 Po-

317 1985 392 2072 ιιιο
394 1989 645 2073 rehabuit.
634 2017 719 2071 iam
739 1988 930 2097 predicto
951 1988 1206 2070 monasterio
1238 1988 1292 2070 de
1323 2000 1500 2070 sconowe
1547 1989 1665 2071 dedit
1703 2018 1781 2127 pro
1823 2015 1987 2075 noceam

171 2161 176 2168 -
230 2179 234 2192 ,
319 2109 448 2192 villa
417 2132 646 2248 rpsorum
661 2103 783 2188 simili
814 2101 1163 2190 commutatione.
1215 2103 1319 2188 Nos
1332 2131 1436 2190 vere
1458 2105 1514 2190 ob
1534 2109 1824 2190 reuerentiam
1857 2109 1990 2194 beate
2083 2130 2088 2137 ’

318 2223 495 2338 uirginis
526 2215 659 2309 Maris
699 2249 777 2335 pro
813 2222 953 2306 salute
973 2250 1024 2306 ac
1043 2205 1337 2306 incolumitate
1365 2225 1554 2307 omnium
1574 2225 1814 2328 nostrorum
1833 2254 1990 2335 paren·

318 2355 409 2428 tum
446 2344 699 2428 contulimus
736 2367 867 2451 agros
896 2342 954 2423 ad
986 2341 1217 2425 dominium
1237 2350 1429 2428 nocuum
1465 2351 1732 2452 spectantes,
1768 2346 1989 2456 sepedicto

318 2461 608 2548 Monssterio
597 2490 641 2543 m
660 2458 887 2569 prehabito
904 2456 1199 2570 anapaestos,
1230 2461 1306 2568 qui
1327 2461 1543 2544 commixti
1554 2474 1685 2545 erant
1705 2463 1820 2574 agris
1845 2491 1991 2549 eorum

318 2584 533 2666 mittentes
569 2587 760 2663 nostrum
795 2577 967 2661 fidelem
998 2578 1171 2660 militem
1205 2575 1562 2688 Domaratopem,
1596 2591 1648 2661 ut
1681 2582 1744 2663 cis
1778 2591 1917 2666 metas
1947 2584 1991 2665 in

320 2699 469 2783 eadem
488 2697 672 2780 fideliter
692 2695 954 2807 assignaret,
982 2704 1110 2804 prout
1140 2702 1318 2779 actenus
1339 2705 1532 2806 tempore
1553 2701 1686 2780 nostri
1705 2701 1848 2809 patrui
1868 2709 1993 2782 ante-

317 2817 473 2926 scripti.
509 2813 680 2898 fuerant
715 2816 944 2924 assignate.
998 2814 1046 2898 Si
1065 2823 1209 2896 autem
1240 2816 1360 2922 quod
1390 2813 1503 2898 absit
1522 2816 1737 2925 quispiam
1759 2818 1812 2898 de
1833 2819 1996 2910 nostris

94 3009 102 3016 .
221 3011 225 3022 ι
319 2931 637 3018 successoribus
674 2930 785 3012 hanc
811 2931 1012 3015 nostram
1049 2930 1319 3014 donationem
1354 2935 1678 3040 promissionem
1698 2944 1742 3015 et
1762 2932 1988 3017 confirma-

292 3049 476 3137 ⁴tionem
497 3079 607 3134 ausu
626 3049 849 3132 temerario
867 3046 1098 3158 infringere
1134 3054 1373 3130 conaretur.
1394 3058 1498 3130 ante
1518 3047 1755 3131 districtum
1791 3049 1988 3154 iudicem,

318 3173 362 3252 in
383 3171 539 3252 nostris
571 3167 739 3249 delictis
762 3175 805 3246 et
825 3166 1061 3258 commissis
1081 3190 1160 3272 pro
1181 3190 1362 3274 quorum
1396 3163 1674 3276 induigencia
1692 3167 1773 3249 hec
1794 3162 1988 3250 fecimus.
2074 3163 2079 3174 '

316 3309 425 3369 reus
446 3293 661 3367 teneatur.
714 3282 774 3364 Et
801 3308 857 3364 ne
886 3282 970 3364 heo
998 3288 1146 3378 nostra
1181 3282 1354 3366 donatio
1391 3283 1665 3369 confirmacio
1689 3292 1732 3367 et
1751 3285 1986 3392 promissio
2100 3371 2105 3378 ,

316 3412 422 3516 aput
440 3400 541 3542 (ιιι)
576 3409 772 3511 posteros
807 3387 949 3482 tractu
983 3398 1220 3506 temporis
1208 3427 1252 3480 in
1274 3396 1529 3487 obliuionem
1557 3411 1771 3505 transeat,
1802 3401 1872 3485 uel
1890 3425 1991 3512 pers

292 3553 296 3558 ·
315 3521 449 3604 fidia
438 3522 662 3629 impiorum
684 3525 979 3627 corrumpatur
997 3528 1040 3599 et
1055 3515 1330 3601 suffocetur?
1318 3545 1363 3598 m
1376 3519 1625 3603 memoriam
1646 3517 1987 3629 supradictorum

316 3649 556 3776 presentem
592 3636 796 3748 paginam
817 3635 1050 3744 superbiis
1072 3632 1324 3734 confectam,
1343 3646 1490 3721 nostro
1511 3636 1648 3749 sigillo
1668 3636 1847 3724 fecimus
1870 3665 1988 3722 com-

316 3758 480 3840 muniri
512 3756 741 3840 Acte-sunt
756 3762 899 3862 autem
916 3753 1026 3837 hec
1014 3782 1057 3834 nr
1075 3758 1278 3835 ιιιιιοιιιο.
1301 3781 1414 3839 anno
1436 3756 1606 3839 domini
1619 3754 1696 3840 Mt
1706 3755 1836 3841 0⁰0⁰.
1845 3753 1989 3839 LXII
2032 3775 2065 3825 ὓ

317 3874 555 3959 indictione
566 3882 721 3985 quarta
740 3853 1009 3980 presentibus
1030 3870 1112 3954 hiis
1128 3871 1322 3958 testibus
1342 3882 1386 3954 et
1401 3873 1796 3978 consencientibus.
1819 3872 1988 3958 Gemite
2038 3898 2048 3919 ·
2130 3959 2135 3966 ,

200 4055 205 4070 .
316 3991 459 4090 Adam
481 3992 586 4077 Cast
587 3990 735 4072 eliano.
769 3987 936 4073 Comite
957 3987 1154 4099 Nycolao
1174 3989 1377 4095 palatino
1400 3991 1772 4076 Oracouiensibus
1805 3987 1989 4076 Domino

316 4107 563 4218 Dirzicrayo
598 4106 814 4217 preposito
852 4105 1144 4192 Oracouiensi.
1195 4105 1381 4195 Domino
1415 4105 1582 4194 Lazota
1610 4095 1928 4194 sudomiriensi.
1946 4117 1990 4190 et

319 4225 656 4311 Scarbimiriensi
690 4225 919 4336 preposito.
974 4222 1154 4309 Sulislao
1187 4225 1375 4333 dapifero
1399 4225 1715 4314 Sudomiriensi
1767 4225 1987 4310 Clemente
2063 4263 2068 4276 ·
2161 4333 2165 4346 ¹

264 4341 275 4350 ’
317 4339 402 4428 filio
423 4341 569 4427 Marci.
602 4341 845 4482 Camerario
866 4341 1050 4426 Duoisse
1072 4351 1117 4425 et
1137 4343 1228 4426 aliis
1251 4343 1604 4456 quampluribus

420 4574 465 4656 (ι)
486 4573 627 4660 Korpdw
639 4573 718 4639 villa
732 4584 785 4641 est
798 4573 937 4660 parochi
939 4596 978 4640 se
1004 4584 1106 4660 eaput
1130 4576 1293 4641 territorii
1318 4576 1562 4644 Stobnicensis
1556 4551 1727 4665 ,regionis
1741 4594 1824 4642 vero
1840 4573 1988 4662 Szydio·

195 4719 198 4726 ,
299 4649 452 4725 'viensic

418 4743 463 4824 (⁸)
485 4739 629 4807 Positoc
641 4738 719 4804 villa
732 4740 882 4841 regionis
902 4741 1194 4811 Sakalbmiricnsis
1207 4743 1388 4828 parochiae
1403 4743 1445 4869 ed
1458 4744 1568 4814 villam
1584 4743 1739 4900 Kotcielae
1752 4699 1937 4832 spectsntis
1952 4743 1987 4810 in

300 4826 489 4924 ¹territorio
503 4825 771 4894 Mieoboviensi
948 4901 951 4910 ,
990 4903 995 4910 ,
