5409 6309
997 765 1319 892 'effi-

280 1081 282 1088 .
343 1000 563 1089 maara.
602 999 763 1085 Notum
799 1023 894 1082 esre
928 995 1122 1080 volumus
1142 1005 1230 1076 tam
1251 993 1521 1102 presentibus
1558 1023 1688 1107 quarn
1718 995 1869 1084 futuris
1899 997 2011 1086 hane

341 1125 522 1205 litteram
542 1115 808 1228 inspecturis.
832 1114 1069 1226 quodcum
1090 1141 1303 1198 consensu
1322 1115 1459 1196 tocius
1477 1116 1614 1210 ,nostri
1635 1127 1873 1202 conuentus
1908 1150 2012 1203 ren-

250 1241 255 1248 ’
344 1242 527 1323 didimus
564 1238 746 1319 discreto
777 1234 867 1316 viro
890 1243 934 1316 et
952 1233 1132 1315 honesto
1155 1231 1324 1315 domino
1345 1231 1586 1316 Hartmudo
1608 1231 1840 1343 Capellano
1861 1239 1905 1317 in
1925 1237 2013 1321 Bo·

341 1360 444 1441 cina
465 1356 519 1468 (⁹)
542 1352 788 1452 sculteciam
809 1352 853 1433 in
875 1350 1050 1435 ciuitate
1072 1358 1218 1434 nostra
1238 1348 1466 1432 Bresna'eiu.
1486 1358 1528 1431 et
1541 1351 1776 1452 rilla'nous
1795 1353 2013 1437 Breaur'er'u
2147 1377 2150 1382 ’

340 1476 528 1558 similiter
565 1471 825 1580 nuncupata.
848 1497 948 1552 eum
969 1471 1082 1553 omni
1103 1470 1194 1550 iure
1217 1477 1260 1548 et
1276 1464 1549 1575 professione
1567 1465 1622 1579 (³)
1654 1471 1709 1551 ad
1731 1470 2011 1556 nouiforensis

340 1594 525 1676 ciuitatis
546 1591 807 1673 loeaeionem
828 1585 1151 1697 pertinentibus.
1175 1586 1290 1695 quod
1306 1586 1373 1666 ius
1390 1569 1873 1684 nouiforeirsis'oiuitatis
1894 1591 2014 1684 arado
2119 1585 2122 1590 ⁴
2267 1607 2276 1628 ‘

341 1711 572 1822 uulgariter
601 1716 890 1815 nuncupatim
917 1733 1014 1787 eum
1049 1701 1305 1788 forolibero.
1329 1713 1373 1785 et
1392 1701 1578 1785 tabernis
1599 1704 1756 1787 liberis.
1780 1707 1834 1789 ed
1854 1709 2013 1791 medie·

340 1839 429 1912 tate
449 1827 676 1911 molendini
694 1828 740 1908 in
762 1823 911 1908 eadem
932 1825 1104 1906 ciuitate
1127 1823 1207 1905 siti.
1230 1849 1328 1904 eum
1348 1823 1535 1904 macellis
1568 1823 1828 1908 carnificum.
1850 1835 1894 1907 et
1914 1847 2024 1910 eum

340 1948 497 2030 mensis
533 1947 739 2054 pistorum
761 1951 1040 2054 acpsutorumr
1069 1951 1113 2023 et
1143 1968 1240 2024 oum
1274 1938 1404 2022 stuba
1439 1940 1657 2024 balnearia
1676 1951 1721 2024 et
1742 1945 1878 2026 eciam
1914 1972 2013 2028 eum

341 2055 536 2149 omnibus
553 2092 639 2175 que
655 2063 710 2145 ad
725 2058 1027 2172 perfeetum(⁴)
1044 2061 1109 2140 ius
1126 2057 1249 2141 ciuile
1266 2057 1427 2141 debent
1443 2059 1769 2166 eompletissime
1784 2065 2011 2171 pertinere.

340 2181 440 2266 Hoo
459 2180 804 2280 tamen'adieeto.
836 2179 952 2289 quod
985 2188 1174 2262 nostram
1204 2187 1369 2285 partem
1388 2179 1474 2260 iam
1495 2179 1597 2260 dieti
1617 2179 1856 2263 molendini.
1878 2184 1916 2264 si
1934 2210 2011 2290 pro

340 2329 387 2386 se
407 2302 522 2384 idem
544 2301 738 2385 dominus·
758 2297 1026 2381 Hartmudus
1048 2322 1300 2379 conseruare
1322 2296 1512 2400 voluerit,
1553 2325 1681 2381 vnam
1704 2327 1891 2386 marcam
1913 2329 2013 2386 vsu-

340 2419 418 2503 alis
438 2416 606 2530 lugenti
627 2418 748 2500 aunis
769 2416 946 2527 singulis
967 2413 1092 2498 uobis
1111 2412 1326 2496 tenebitur
1355 2425 1629 2523 presentare·
1667 2416 1777 2499 Item
1796 2419 2013 2527 predictus

341 2538 534 2622 dominus
555 2535 834 2620 Hartmudus.
857 2562 909 2616 ao
930 2534 996 2616 sui
1017 2533 1273 2618 succedanei
1293 2543 1477 2643 quatuor
1497 2561 1668 2619 mansos
1691 2536 1806 2620 eirea
1825 2548 2014 2622 montem

340 2654 477 2768 quiin
496 2655 692 2764 polonico
713 2662 984 2761 nuncupatur
1003 2648 1132 2735 Karbai
1152 2648 1221 2765 (⁵).
1239 2651 1295 2734 ab
1318 2656 1432 2735 omni
1454 2680 1613 2762 genere
1633 2655 1861 2739 solucionis
1881 2656 2014 2743 libere

239 2781 244 2788 '
341 2784 384 2856 et
401 2772 584 2882 pacifice
618 2768 913 2881 possidebunt.
965 2770 1025 2853 Et
1043 2767 1185 2854 villam
1221 2771 1330 2852 inter
1366 2772 1696 2854 theutoniealom
1727 2800 1873 2854 vanum
1894 2773 1949 2885 (0)
1971 2787 2016 2859 et
2104 2791 2108 2798 ’

340 2901 527 2975 montem
549 2894 624 3001 qui
644 2899 822 2974 vocatur
840 2885 968 2972 Ketit
987 2889 1145 2969 situare
1166 2890 1324 2997 poterit
1342 2887 1713 2995 iure'supradieto.
1735 2891 1771 2971 si
1791 2890 1874 2973 sibi
1893 2891 2015 2974 uide·

338 3009 454 3093 bitur
485 3010 695 3116 expedire.
726 3009 770 3087 in
803 3034 891 3117 qua
921 3007 1096 3116 quidem
1128 3006 1226 3088 villa
1257 3015 1441 3115 quatuor
1471 3032 1643 3089 mansos
1662 3034 1740 3114 pro
1763 3007 1915 3091 allodio
1935 3007 2014 3091 hau

337 3124 472 3210 babit.
504 3126 563 3207 Et
580 3127 754 3234 insuper
775 3133 940 3206 sextum
961 3147 1157 3204 mansum
1178 3125 1222 3204 in
1238 3149 1370 3204 censu
1385 3122 1467 3205 sibi
1481 3122 1657 3206 liberum
1677 3123 1729 3205 de
1745 3123 1837 3232 alijs
1854 3129 2012 3216 mansis
2151 3201 2178 3215 ,,
2327 3125 2332 3132 ’

339 3243 527 3327 similiter
545 3243 756 3348 retinebit.
794 3236 933 3339 Quam
954 3240 1200 3323 seultecism
1221 3227 1412 3350 prefatus
1434 3240 1629 3324 dominus
1651 3243 1916 3327 Hartmudus
1938 3272 2013 3329 ea-
2103 3271 2108 3278 “

336 3362 530 3472 pellanus
553 3362 606 3443 de
626 3360 796 3442 Boedas
826 3387 986 3470 genero
1019 3384 1096 3441 suo
1126 3360 1300 3443 iohanni
1329 3360 1419 3442 viro
1451 3360 1618 3468 ydoneo
1642 3369 1685 3441 et
1704 3357 1885 3445 honesto
1915 3371 2016 3471 post

337 3481 466 3564 filiam
489 3505 610 3561 suam
632 3505 775 3562 eoram
796 3476 919 3561 nobis
940 3476 1116 3560 tradidit
1131 3487 1175 3558 et
1191 3478 1379 3562 donauit.
1396 3503 1449 3559 ae
1467 3479 1600 3560 eciam
1615 3476 1746 3566 libere
1761 3475 2016 3590 resignauitr

338 3627 423 3710 que
445 3600 586 3681 omnia
605 3596 697 3678 fieri
718 3595 771 3679 de
793 3595 1074 3679 nostrabona
1089 3597 1357 3703 permisimus
1372 3595 1604 3680 voluntate.
1651 3597 1777 3686 Tune
1798 3598 2012 3682 secedens
2098 3649 2102 3660 ι

340 3717 395 3798 ad
413 3743 492 3800 nos
513 3711 704 3825 p'reiatus
738 3714 944 3798 iohannes
982 3741 1115 3823 gener
1152 3714 1342 3796 eiusdem
1380 3714 1538 3798 domini
1572 3713 1814 3797 Hartmudi.
1850 3743 2014 3826 rogans

242 3933 246 3942 „
339 3834 549 3946 humiliter
570 3842 615 3916 et
635 3834 803 3916 deuote.
826 3842 874 3913 ut
893 3830 1161 3942 priuilegium
1183 3832 1440 3943 abantiquo
1472 3832 1702 3916 datum‘de
1733 3843 1877 3917 nostro
1909 3861 2012 3920 oon·

337 3963 470 4035 uentu
490 3952 618 4061 super
638 3952 859 4059 empcione
881 3949 1081 4036 seuiteeie
1102 3952 1145 4032 in
1167 3952 1341 4033 ciuitate
1371 3950 1599 4059 prehabito
1621 3959 1663 4033 et
1682 3951 1790 4035 viilis
1811 3952 2010 4038 similiter.

292 4143 295 4146 ,
336 4069 537 4154 roborare
559 4079 602 4152 et
622 4068 871 4184 confirmare
894 4068 946 4150 de
967 4095 1080 4152 nouo
1102 4071 1256 4152 nostris
1275 4069 1428 4177 litteris
1449 4071 1734 4179 dignaremur.
1768 4069 1860 4153 Nos
1880 4072 2013 4181 igitur
2155 4128 2168 4152 ,

341 4186 528 4269 eiusdem
563 4187 760 4272 iohannis
789 4187 934 4272 fidelia
964 4189 1146 4269 seruicia
1175 4195 1404 4297 pensantes
1420 4184 1558 4273 ‘nobis
1580 4189 1722 4298 s'opius
1744 4186 1944 4288 exhibita.
1966 4196 2012 4272 et
2134 4217 2140 4224 ·
2291 4247 2296 4257 ,

441 4503 488 4584 (θ)
508 4503 664 4587 Barkaia,
677 4503 755 4569 villa
769 4501 869 4582 hodie
885 4504 1002 4569 circuli
1017 4504 1067 4569 sui
1082 4501 1225 4570 nominis
1244 4515 1355 4590 eaput,
1371 4506 1404 4569 in
1420 4502 1572 4572 Gallioia.

441 4589 484 4670 (³)
506 4587 571 4654 Vel
581 4590 769 4680 perfectione
783 4587 934 4669 (verbum
950 4591 984 4654 in
999 4587 1181 4670 archetypo
1198 4586 1447 4672 abbreviatum).

440 4673 484 4753 (⁴)
506 4672 596 4738 Abbr
622 4675 656 4737 in
671 4670 866 4758 arohetypo:
879 4676 981 4761 psam.

307 4833 315 4849 1
439 4762 483 4842 (5)
507 4759 624 4858 Kabyle
638 4756 763 4824 villain
777 4766 868 4822 terra
893 4757 1029 4841 antiqua
1053 4757 1282 4842 cracoviensi,
1311 4758 1450 4850 regione
1471 4780 1553 4824 vero
1580 4759 1799 4830 Orchowensi
1827 4759 2006 4847 parochiae

336 4851 445 4908 autem
470 4839 712 4909 Widmczensis
737 4864 823 4908 nunc
839 4843 873 4906 in
889 4842 1005 4930 Regno
1023 4837 1194 4911 Gallioiae.
1227 4843 1339 4927 Prope
1356 4840 1467 4908 villam
1481 4841 1567 4909 hane
1582 4867 1677 4912 mons
1695 4844 1843 4931 ejusdem
1864 4843 2006 4911 nominis

335 4926 512 5014 invenitur,
528 4927 570 4994 de
585 4947 651 5012 quo
666 4925 732 4995 hoe
747 4924 825 4994 loeo
839 4925 980 5016 legimus
994 4930 1205 4996 mentionem.
1251 4930 1296 5011 (⁶)
1321 4928 1424 4995 Um
1438 4925 1661 5013 (Siawirisiri).
1763 4945 1767 4954 “
