5409 6309
1398 896 1447 916 -
1499 817 1726 936 ros-⁴

710 1073 806 1156 dem
825 1067 1110 1182 prouidearur.
1142 1065 1253 1150 Item
1275 1064 1517 1148 ordinamus
1552 1063 1668 1173 quod
1687 1062 1905 1174 predictus
1938 1063 2179 1174 prepositus
2208 1061 2370 1149 habeat

708 1217 854 1274 secum
886 1189 990 1273 duos
1026 1185 1280 1295 presbiteros
1312 1184 1378 1266 sui
1409 1184 1565 1269 ordinis
1593 1210 1668 1294 pro
1691 1181 1835 1267 diuino
1857 1178 1997 1267 officio
2018 1183 2061 1264 in
2084 1182 2195 1266 dicto
2217 1182 2367 1268 Mona-

709 1309 835 1393 sterio
857 1304 1123 1416 adimplendo
1147 1313 1189 1386 et
1209 1302 1442 1389 vltraistos
1474 1302 1580 1386 duos
1601 1301 1857 1413 presbiteros
1878 1301 1989 1386 idem
2011 1303 2249 1411 prepositus
2269 1310 2367 1386 tan·

621 1429 633 1458 '
707 1437 799 1511 tum
821 1424 985 1511 duobus
1018 1423 1288 1508 familiaribus
1318 1448 1394 1532 pro
1426 1423 1603 1506 seruicia
1639 1446 1716 1504 suo
1748 1420 1998 1529 necessarijs
2029 1423 2084 1504 sit
2113 1420 2363 1523 Contentus.

706 1545 817 1631 Item
839 1545 1080 1630 ordinamus
1103 1542 1219 1656 quod
1238 1540 1390 1626 Mensa
1408 1542 1613 1652 prepositi
1642 1538 1972 1649 presbiterorum
2009 1549 2053 1622 et
2081 1542 2366 1649 procuratoris

686 1665 765 1748 sit
784 1665 973 1750 comunis
995 1659 1284 1764 Quantitatem
1305 1689 1406 1746 vero
1428 1659 1583 1743 familie
1603 1660 1886 1770 procuratoris
1922 1658 2103 1769 predicti
2132 1660 2367 1743 secundum

710 1785 827 1894 quod
849 1783 1045 1892 expedire
1066 1780 1276 1866 videbitur
1297 1779 1531 1864 Abbatissa
1559 1807 1655 1862 cum
1686 1778 1900 1898 preposito
1933 1788 1976 1860 et
1998 1776 2221 1864 Sororibus
2242 1787 2367 1889 pote·

709 1912 865 1987 statem
885 1901 1075 1986 habeant
1095 1902 1301 1986 moderari
1321 1899 1390 1983 Ita
1409 1908 1553 1981 tamen
1586 1898 1701 2009 quod
1734 1928 1760 1982 a
1789 1897 1915 1981 modo
1952 1898 2128 2007 predicti
2163 1900 2368 2009 prepositi

707 2023 971 2136 prepositure
992 2029 1035 2132 et
1056 2019 1144 2103 eius
1167 2020 1390 2103 eleccionis
1412 2018 1636 2104 occasione
1657 2045 1742 2101 vna
1763 2041 1860 2127 pars
1883 2017 2054 2100 alteram
2075 2025 2242 2127 partem
2260 2043 2367 2125 quo-

710 2168 797 2250 quo
818 2143 943 2226 modo
966 2140 1161 2223 decatero
1181 2138 1386 2249 impedire
1417 2165 1572 2220 vexare
1599 2135 1848 2246 perturbare
1870 2136 1937 2219 vel
1958 2136 2061 2220 alias
2085 2136 2366 2245 quouismodo

708 2260 931 2345 molestare
954 2258 1112 2341 directe
1131 2258 1199 2342 vel
1217 2258 1424 2340 indirecte
1444 2283 1529 2340 non
1548 2267 1766 2365 presumat
1786 2257 1860 2339 sed
1880 2264 2133 2367 perpetuum
2149 2256 2367 2341 silencium

708 2377 866 2463 habere
889 2376 1047 2462 debent
1066 2377 1293 2461 occasione
1314 2376 1555 2459 huiusmodi
1576 2399 1732 2459 cause.⁴
1763 2374 2115 2459 Declaracionem
2144 2401 2244 2458 vero
2264 2375 2370 2460 limi·
2520 2385 2523 2390 ⁴

707 2500 934 2583 tacionem.
957 2497 1280 2581 correccionem.
1298 2504 1341 2577 et
1354 2496 1753 2604 interpretacicnem
1774 2495 2014 2578 huiusmodi
2029 2502 2172 2577 nostre
2189 2492 2370 2579 Senten-

710 2619 774 2700 eie
796 2627 840 2699 et
860 2618 1045 2701 omnium
1066 2617 1366 2726 premissorum
1386 2616 1549 2699 tociens
1581 2618 1785 2723 quociens
1814 2614 2045 2724 expedierit
2080 2612 2203 2698 nobis
2234 2616 2370 2726 impo-

674 2735 677 2744 '
708 2746 869 2820 aterum
888 2762 1165 2820 reseruemus.
1184 2733 1267 2819 Oui
1283 2733 1454 2841 quidem
1475 2743 1618 2818 nostre
1638 2733 1879 2817 huiusmodi
1894 2734 2265 2844 pronuncciacioni
2287 2733 2367 2818 dif-

708 2855 897 2958 foicioni
928 2853 1208 2938 declaracioni
1241 2853 1465 2936 concordie
1502 2852 1715 2937 amicabili
1753 2853 2055 2963 composicioni
2091 2879 2148 2963 ac¹
2177 2851 2370 2938 arbitrali

708 2975 922 3057 sentencie
944 2972 1133 3084 predicte
1154 2980 1296 3082 partes
1316 2972 1361 3052 in
1381 2971 1495 3056 nullo
1517 2974 1870 3058 contradicentes.
1893 2974 1984 3055 siue
2001 2972 2367 3056 contrauenientes

709 3102 1014 3179 consenserunt
1033 3103 1076 3193 et
1096 3120 1191 3174 eam
1212 3090 1559 3201 approbauerunt
1588 3101 1632 3208 et
1653 3091 2002 3202 emologauerunt
2020 3118 2098 3202 per
2109 3117 2367 3200 expressum.

707 3211 759 3295 In
780 3214 900 3295 cuius
920 3214 982 3297 rei
1002 3211 1289 3296 testimonium
1310 3218 1530 3321 presentes
1545 3222 1711 3298 nostras
1735 3208 1958 3295 Sentencie
1975 3213 2370 3319 pronuncciacionis

709 3331 1032 3442 composicionis
1055 3360 1106 3413 ac
1129 3330 1408 3416 ordinacionis
1440 3328 1680 3416 huiusmodi
1700 3331 1844 3414 literas
1866 3359 1943 3440 per
1962 3329 2189 3414 Martinam
2209 3331 2371 3416 Mathis

711 3450 765 3534 de
787 3450 986 3562 Scuwyno
1008 3451 1219 3537 Clericum
1254 3459 1398 3535 nostre
1418 3447 1615 3557 dyocesis
1635 3450 1850 3560 publicum
1882 3449 2092 3559 Imperiali
2113 3453 2368 3535 auctoritate

709 3570 931 3655 Notarium
953 3580 996 3653 et
1016 3570 1120 3654 facti
1140 3567 1384 3653 huiusmodi
1404 3593 1547 3652 coram
1564 3571 1690 3656 nobis
1722 3568 1905 3651 scribam
1933 3568 2245 3677 infrascriptum
2266 3570 2379 3655 sub-·

711 3690 840 3773 scribi
861 3700 906 3772 et
922 3690 1132 3799 publicari
1150 3689 1369 3800 nostrique
1390 3691 1650 3800 appensione
1671 3687 1809 3800 sigilli
1827 3689 2025 3771 iussimus
2042 3691 2243 3772 comuuiri
2257 3690 2370 3774 Acta

710 3819 810 3891 sunt
829 3808 910 3889 hec
929 3806 1055 3893 Anno
1079 3807 1235 3891 domini
1254 3805 1478 3892 Millesimo
1516 3804 1944 3917 Quadringentesimo
1974 3807 2207 3893 Tricesimo
2234 3811 2369 3920 primo

711 3926 953 4012 indiccione
974 3955 1088 4011 nona
1107 3925 1388 4010 Pontificatus
1422 3923 1685 4011 Sanctissimi
1715 3929 1759 4009 in
1790 3926 1959 4014 Christo
1994 3929 2127 4037 patris
2150 3936 2193 4009 et
2213 3929 2370 4014 domini

711 4048 843 4132 nostri
865 4045 1023 4130 domini
1042 4045 1227 4158 Eugenij
1251 4046 1395 4129 diuina
1414 4046 1687 4154 prouidencia
1707 4075 1818 4158 pape
1836 4043 1987 4146 Quarti
2001 4045 2125 4131 Anno
2146 4048 2281 4156 primo
2302 4050 2369 4133 die

710 4193 811 4251 vero
835 4163 1008 4250 Saturni
1028 4167 1229 4250 vicesima
1251 4174 1406 4250 octaua
1428 4168 1585 4255 Mensis
1609 4165 1842 4280 decembris
1868 4167 1981 4252 horis
2003 4167 2282 4277 completorijs
2301 4169 2369 4252 vel

659 4325 663 4332 ·
710 4287 836 4398 quasi
864 4287 908 4367 in
930 4286 1054 4372 domo
1075 4285 1357 4370 habitacionis
1381 4285 1655 4371 discretorum
1673 4285 1861 4371 Ounradi
1876 4285 2075 4370 Altariste
2097 4297 2140 4369 et
2160 4286 2368 4380 Johannis

711 4403 929 4515 Zydowlra
951 4406 1049 4522 (sic)
1072 4434 1123 4488 ac
1146 4406 1343 4489 dominici
1363 4406 1613 4490 vicariorum
1645 4415 1946 4517 perpetuorum
1978 4405 2170 4490 Ecclesia
2209 4403 2369 4491 Oathe-

712 4524 837 4607 dralis
860 4524 1154 4612 Oracouiensis
1176 4525 1259 4608 sita
1278 4526 1321 4607 in
1344 4523 1496 4610 Castro
1520 4523 1794 4612 Oracouiensi
1814 4523 2088 4610 Presentibus
2103 4525 2261 4622 ibidem
2276 4525 2369 4613 Ho-

712 4642 888 4727 norabili
910 4643 1210 4758 (siclStrenuis
1230 4644 1455 4730 Nobilibus
1477 4672 1528 4726 ac
1548 4646 1735 4756 prouidis
1767 4645 1943 4730 Nicolao
1965 4646 2150 4732 Rectore
2176 4644 2366 4728 Ecclesie

592 4779 600 4785 ·
712 4761 964 4874 parochialis
1005 4758 1206 4874 inparua
1222 4766 1359 4849 Xausz
1382 4760 1437 4876 (²)
1474 4763 1609 4850 Paulo
1642 4767 1694 4850 de
1725 4762 2064 4876 Bopumylcwr’cze
2093 4762 2263 4867 dudice,
2298 4761 2366 4850 Si·

714 4881 957 4995 gismundo.
978 4884 1029 4966 de
1051 4883 1219 4966 Boboun
1250 4881 1481 4971 Subiudice
1512 4883 1871 4970 Oracouiensibus
1906 4883 2118 4969 Hankone
2155 4884 2207 4966 de
2241 4879 2367 4968 Ctelm

818 5048 857 5130 ρ)
879 5048 974 5131 xus
