5409 6309
1046 836 1403 913 -stl-‘

354 1064 487 1152 propa
506 1040 744 1135 Civitatem
773 1047 959 1124 nostram
990 1036 1234 1124 chbuczrbc
1254 1037 1310 1154 (³)
1339 1034 1469 1144 sitae,
1504 1039 1607 1125 alias
1626 1038 1903 1153 possidebant
1921 1068 2007 1129 una

355 1186 452 1244 cum
472 1159 686 1263 fumificis,
705 1171 756 1243 et
769 1159 932 1269 piscina
953 1158 1150 1244 allodum
1171 1158 1271 1273 (sic)
1300 1159 1502 1272 contigue
1540 1160 1737 1245 adiacens
1758 1159 1839 1271 ipsi
1858 1182 2006 1247 mona-

352 1279 491 1366 sterio.
547 1279 679 1371 Cuius
710 1278 885 1388 quidem
913 1277 1054 1363 illcdii
1085 1279 1294 1389 granicies
1325 1305 1402 1361 seu
1429 1279 1581 1362 limites
1619 1308 1645 1361 a
1664 1287 1786 1389 parte
1808 1277 2004 1367 Civitatis

353 1405 495 1482 nostre
519 1394 781 1483 Czcartocdow
801 1398 1221 1509 praedictaetaliter
1238 1398 1565 1489 metis'caeteris
1587 1397 1912 1509 distinguuntur,
1921 1400 2007 1509 pri·

352 1544 423 1599 ma
443 1527 560 1601 meta·
576 1528 712 1601 terrea
730 1516 879 1628 incipit
915 1548 940 1600 a
959 1516 1090 1628 plage
1109 1516 1281 1603 australi
1300 1519 1345 1599 in
1362 1516 1449 1600 fine
1469 1516 1592 1603 villae
1625 1519 1826 1628 antiquae
1858 1512 2006 1603 Creato-

352 1634 461 1718 stow
480 1638 659 1720 tendens
682 1636 841 1720 directe
860 1664 1006 1720 versus
1029 1637 1253 1739 meridiem,
1274 1662 1413 1745 usque
1435 1637 1493 1719 ad
1512 1635 1638 1721 aliam
1661 1644 1818 1719 metam
1838 1636 2004 1723 tertiam

353 1753 467 1837 circa
497 1759 610 1841 viam
639 1782 861 1868 magnam,
893 1781 980 1865 qua
1010 1756 1094 1838 itur
1113 1755 1169 1837 de
1189 1755 1360 1838 civitate
1389 1757 1607 1867 praedicta
1629 1756 1686 1838 ad
1705 1755 2004 1841 monasterium

352 1874 633 1977 antedictum,
668 1875 820 1959 deinde
852 1875 1171 1984 pertransiendo
1208 1875 1386 1957 eandem
1422 1876 1535 1959 viam
1563 1900 1712 1958 versus
1742 1874 2004 1985 praedictam

350 1991 520 2102 plagam
541 1994 867 2098 meridionalem,
886 2022 1023 2105 usque
1045 1993 1100 2075 ad
1121 1998 1255 2077 metas
1286 1991 1467 2076 terrificii
1498 1994 1660 2077 scilicet
1677 2004 1842 2104 septem
1863 2001 2003 2079 metae

350 2120 488 2195 terrae
503 2111 644 2198 fossae
656 2113 1014 2224 eterrectae(sic),
1034 2113 1108 2195 ubi
1126 2111 1280 2194 limites
1301 2115 1410 2194 inter
1428 2114 1693 2221 praedictum
1705 2114 2005 2199 ltouasterium

351 2241 395 2311 et
414 2233 648 2342 praefatam
683 2234 923 2318 Civitatem
945 2233 1230 2334 terminantur,
1250 2260 1348 2315 cum
1370 2231 1564 2315 omnibus
1583 2232 1795 2317 dictarum
1810 2233 2003 2319 villarum

350 2345 532 2436 terrificii
553 2364 595 2438 et
616 2353 752 2438 allodii
773 2351 1044 2454 utilitatibus,
1065 2347 1293 2454 fructibus,
1314 2350 1533 2454 censibus,
1564 2352 1788 2456 reditibus,
1822 2364 2002 2463 proven-

349 2468 477 2571 tibus,
498 2482 541 2553 et
561 2474 739 2555 caeteris
758 2471 942 2582 ipsarum
964 2468 1288 2553 obventionibus
1308 2471 1533 2577 universis,
1569 2479 1694 2580 prout
1716 2474 1842 2555 edun
1864 2471 2002 2557 dictae

349 2588 474 2670 villae
523 2589 765 2676 terrificium
787 2600 830 2674 et
850 2589 1044 2673 alludium
1066 2590 1107 2670 in
1130 2591 1216 2671 suis
1246 2587 1449 2672 limitibus
1482 2599 1525 2674 et
1555 2592 1752 2703 menimis
1782 2589 2004 2675 circumfe-

348 2710 580 2794 rentialiter
599 2722 699 2794 sunt
719 2711 961 2810 distinctae,
980 2719 1085 2818 puta
1107 2710 1233 2818 agris,
1254 2708 1428 2817 campis,
1459 2711 1589 2821 pratis
1613 2722 1707 2813 etc,
1739 2713 2004 2823 caeterisque

349 2829 556 2912 dictarum
577 2828 768 2916 villarum
788 2828 970 2911 ferrifieii
993 2838 1035 2908 et
1056 2826 1195 2935 allodij
1236 2828 1498 2935 pertinentijs
1522 2841 1564 2913 et
1583 2830 1804 2938 appendiie
1835 2830 2003 2915 uuiver-

348 2950 418 3053 sis,
454 2950 784 3057 quibuscunque
818 2946 1055 3031 nominibus
1109 2955 1416 3053 nuncupentur,
1463 2948 1585 3032 nullis
1620 2950 1787 3060 penitus
1817 2948 2002 3035 exclusis
2048 2988 2051 2997 ¹

349 3068 526 3168 eisdem,
558 3070 684 3150 etiam
714 3067 893 3169 iuribus,
926 3064 1117 3173 dominijs
1139 3075 1181 3146 et
1200 3063 1487 3170 libertatibus,
1519 3068 1676 3176 quibus
1707 3067 1843 3150 dictas
1870 3068 2002 3181 villas,

222 3228 228 3241 ·
347 3184 587 3270 lanificium
611 3196 654 3268 et
672 3186 868 3269 allodium
896 3194 1189 3268 antecessores
1221 3185 1352 3266 nostri
1371 3184 1519 3293 inclyti
1540 3185 1685 3297 Reges
1705 3185 1906 3271 Poloniae
1925 3186 2003 3272 ba*

346 3304 531 3389 buerunt
569 3314 796 3389 tenuerunt
815 3314 858 3386 et
877 3306 1174 3414 possederunt,
1205 3302 1306 3386 nihil
1342 3304 1511 3411 penitus
1539 3308 1639 3388 iuris
1672 3308 2001 3417 etproprietatis

347 3424 470 3510 nobis
492 3434 567 3507 aut
584 3425 738 3508 nostris
768 3425 1082 3507 successoribus
1102 3424 1148 3505 in
1166 3423 1394 3530 praedietis
1425 3423 1532 3506 villis
1568 3422 1763 3510 terrificis
1785 3426 1999 3519 etallodio

347 3544 665 3656 quomodolibet
680 3543 958 3645 reservando,
982 3540 1751 3655 damus,conferimus,assiguami1s,
1782 3545 1999 3657 donamus,

348 3666 686 3775 appropriamus,
725 3663 1044 3771 incorporamus
1067 3672 1110 3742 et
1128 3662 1455 3744 irrevocabiliter
1495 3663 1744 3746 ascribimus
1784 3671 1999 3775 perpetuis

347 3786 605 3892 tremoribus
627 3782 846 3884 duratura,
882 3809 957 3889 per
977 3780 1216 3891 praedictos
1235 3780 1386 3863 fratres
1405 3782 1597 3884 tenendi,
1627 3779 1832 3887 habendi,
1852 3783 2001 3873 utifru·

347 3904 467 4007 endi,
488 3930 541 3983 ac
560 3911 763 4011 perpetue
779 3900 1042 4009 possidendi,
1058 3910 1265 4009 tanquam
1281 3928 1402 3983 veras
1422 3912 1463 3984 et
1476 3901 1685 4014 legitimas
1698 3900 1999 4011 haereditates,

345 4049 401 4105 ac
423 4022 728 4104 ecclesiasticas
761 4020 1090 4131 assignaciones.
1142 4021 1368 4103 Praeterea
1409 4021 1625 4123 addimus,
1664 4021 1873 4105 donamus
1894 4028 1998 4108 etin

346 4146 599 4252 perpetuum
636 4140 904 4250 assignamus
937 4148 1118 4247 quatuor
1139 4166 1301 4221 mareas
1324 4165 1566 4250 grossmum
1583 4141 1631 4222 in
1651 4139 1833 4224 Oivltate
1853 4154 2000 4228 nostm

351 4257 623 4352 Czcrutochow
643 4259 865 4370 praedicta
899 4258 952 4341 de
987 4283 1119 4339 censu
1152 4270 1294 4343 nostro
1331 4287 1357 4339 a
1387 4256 1562 4343 Civibus
1601 4257 1794 4343 Oivltatls
1829 4271 1998 4346 nostrae

348 4377 555 4482 ciusdem,
575 4383 617 4462 in
639 4389 682 4461 et
700 4406 828 4487 super
846 4374 954 4461 festo
976 4375 1020 4461 S.
1041 4373 1209 4459 Martini
1241 4375 1527 4482 Confecsoris,
1564 4376 1997 4488 pertranseunda

349 4507 442 4582 ctos
473 4497 648 4607 singulis
681 4498 801 4579 annis
830 4496 1121 4605 percipiendas
1144 4504 1186 4575 et
1206 4507 1409 4603 perpetuo
1439 4498 1730 4604 possidendas.
1782 4496 1890 4580 Item
1913 4500 1996 4586 duo

350 4616 530 4701 macella
550 4615 684 4699 libera
706 4616 912 4715 carnium,
932 4624 981 4695 ut
1002 4613 1056 4695 de
1076 4638 1180 4719 sepo
1203 4611 1299 4723 (sic)
1323 4615 1374 4694 de
1396 4615 1496 4721 ipsis
1517 4618 1788 4721 proveniente
1810 4618 1996 4703 macellis

348 4736 504 4821 lumina
538 4734 746 4820 conficere
780 4732 953 4816 valeant
985 4759 1061 4844 pro
1099 4757 1240 4815 eorum
1276 4731 1523 4815 necesitate.
1574 4734 1805 4821 Eximimus
1826 4743 1997 4850 insuper

376 5038 380 5043 -
453 4997 491 5079 ι’)
515 4997 681 5076 Klobaclw,
695 4995 773 5063 urbs
788 5016 865 5063 suae
878 4994 1053 5084 parochiae
1067 5001 1178 5082 caput,
1192 4990 1226 5063 ia
1240 4990 1533 5075 Ozestoobovieusi
1548 4995 1691 5083 regione.
