5409 6309
981 813 1356 894 .-00·-

395 1012 547 1100 testare
568 1013 744 1114 audeat,
765 1012 835 1094 vel
853 1018 1134 1121 presumatur.
1166 1008 1367 1120 Insuper,
1388 1011 1441 1092 de
1462 1015 1736 1125 prerogativa
1756 1016 1931 1124 speciali
1950 1015 2064 1104 hane

394 1131 496 1239 ipsis
519 1132 712 1218 dedimus
732 1073 998 1232 libertatem,
1022 1128 1140 1238 quod
1159 1156 1235 1235 per
1255 1129 1408 1210 nullius
1438 1132 1744 1235 condicionis,
1757 1143 1894 1218 status
1930 1143 2063 1247 atque

395 1247 553 1350 ordinis
573 1249 804 1351 hominem,
838 1248 1004 1383 possint
1023 1246 1079 1328 ad
1100 1248 1234 1330 nostri
1254 1246 1526 1354 presenciam
1542 1259 1660 1332 extra
1678 1251 1939 1387 provinciam
1960 1281 2082 1346 evo-1
2179 1249 2185 1262 ’

395 1365 593 1472 carj‚vel
613 1366 771 1474 cittarj,
807 1367 988 1447 maxime
1025 1363 1143 1473 quod
1164 1363 1356 1448 homines
1377 1375 1477 1447 sunt
1497 1366 1753 1478 simplices
1731 1369 1804 1448 et
1788 1396 1836 1450 ιιι
1858 1368 1962 1452 dure
1984 1400 2063 1458 no·

316 1485 320 1502 '
393 1392 540 1566 bilibm
562 1494 782 1594 nequeunt
801 1482 1063 1589 conversarj,
1100 1481 1368 1590 agriculturis
1391 1491 1434 1566 et
1453 1479 1669 1602 laboribus
1690 1473 1862 1589 intenti,
1893 1490 2061 1595 proprio

394 1599 503 1683 dure
523 1611 566 1682 et
583 1601 681 1712 lege
701 1600 873 1710 specialj
894 1599 1177 1732 perfruuntur.
1229 1598 1389 1696 Verum
1409 1626 1557 1694 omnes
1578 1629 1708 1684 cause
1729 1628 1805 1710 pro
1825 1607 2063 1713 possessio·
2157 1691 2160 1695 ,

394 1718 518 1802 nibus
529 1713 884 1820 ,hereditatibus,
905 1715 1029 1799 metis
1052 1723 1094 1797 et
1111 1715 1332 1817 limitibus,
1374 1716 1649 1802 facultatibus
1672 1728 1715 1802 et
1733 1721 1962 1825 mortibus,
1983 1740 2069 1806 seu.
2104 1801 2115 1822 ,
2192 1777 2202 1786 ,

395 1835 737 1947 quibuscumque
773 1836 943 1920 casibus
975 1861 1050 1943 per
1071 1833 1271 1916 comitem
1289 1846 1578 1944 pro-tempore
1614 1838 1892 1922 constitutum
1912 1847 1958 1922 et
1977 1838 2063 1936 Oo-

393 1954 539 2036 mitem
574 1954 804 2063 provincie,
839 1954 1018 2036 terranis
1039 1951 1326 2036 mediantibus
1341 1952 1668 2060 judicabuntur,
1689 1956 1734 2037 in
1754 1955 1854 2039 loco.
1870 1958 2062 2066 superius

98 2155 102 2162 ,
206 2071 257 2157 ,’
393 2081 639 2172 memorato,
660 2072 894 2153 secundum
929 2069 1108 2155 formam
1127 2070 1240 2151 iuris.
1292 2071 1458 2153 Deinde
1483 2072 1658 2181 singulis
1680 2075 1803 2156 annis
1822 2077 1950 2157 ramis
1971 2074 2063 2184 pel·-

281 2287 284 2292 ,
393 2217 575 2293 marum,
601 2188 826 2272 Monetam
846 2200 989 2272 nostre
1013 2186 1195 2272 Camere
1216 2185 1373 2299 Regia,
1375 2254 1378 2258 .
1406 2191 1640 2272 cumomni
1658 2191 1907 2274 reuerencia
1927 2194 2063 2275 susci·

392 2335 493 2415 pere
514 2306 783 2409 tenebuntur,
805 2317 858 2389 et
866 2307 1064 2390 soleniter
1098 2304 1323 2414 permitere
1356 2334 1522 2389 currere
1564 2307 1774 2390 scundum
1802 2306 1905 2410 dus,
1940 2312 2064 2419 vigo·

392 2453 482 2506 rem
504 2437 546 2507 et
564 2425 727 2507 lucrum
749 2423 928 2509 Camere
949 2424 1088 2540 Regia
1110 2422 1299 2527 cambire
1340 2423 1624 2507 Tenebuntur
1652 2426 1964 2530 universaliter,
1994 2425 2065 2509 Its

393 2529 510 2652 quod
533 2541 687 2625 Comes
710 2542 889 2626 Camere
909 2542 978 2626 vel
997 2571 1062 2624 sur
1051 2517 1299 2645 officiales,
1321 2568 1430 2652 quos
1454 2541 1628 2627 adhoc
1635 2521 1913 2653 deputaverit,
1930 2486 2061 2628 altero

393 2660 563 2744 dimidio
585 2688 730 2743 mense
751 2663 840 2746 sive
861 2688 936 2745 sex
958 2659 1207 2743 ebdomadis
1248 2661 1417 2769 plenam
1439 2660 1629 2743 habeant
1663 2659 1910 2744 facultatem
1933 2659 2062 2744 Cam-

391 2776 567 2886 byendi,
589 2777 671 2861 Jus
694 2789 738 2861 et
756 2780 919 2894 lucrum
941 2777 1121 2861 Camere
1142 2775 1449 2889 prosequendj,
1472 2781 1525 2862 de
1546 2777 1739 2890 qualibet
1758 2803 2011 2864 marcarum
2020 2780 2063 2859 in

393 2896 618 3008 cujuslibet
637 2895 716 2981 fori
736 2896 805 2981 vel
826 2898 1028 2979 emcionis
1065 2895 1186 2980 titulo
1215 2896 1429 3001 recipiant
1463 2925 1592 2978 unum
1625 2895 1819 3003 pondus.
1858 2891 2062 2980 Volumus

392 3013 553 3097 ecciam
573 3023 785 3097 monetam
809 3039 902 3094 esse
925 3021 1136 3126 convente
1172 3009 1490 3094 combustionis.
1541 3012 1682 3094 Finito
1705 3022 1851 3093 autem
1870 3021 2062 3119 tempore

391 3157 468 3212 sex
490 3117 825 3224 ebdomadarum
847 3128 944 3240 (sie)
969 3155 1167 3239 expresso
1204 3127 1419 3235 superius,
1456 3125 1645 3212 Comites
1683 3127 1862 3213 Camere
1884 3140 2064 3237 surgent

393 3274 420 3328 a
441 3248 631 3350 cambio,
668 3258 861 3330 cessante
884 3250 997 3332 omni
1018 3248 1166 3356 vigore
1188 3247 1470 3329 eorundem
1428 3271 1555 3355 ,ipsa
1574 3239 1745 3330 moneta
1765 3244 2063 3336 nichilominus

392 3375 585 3446 currente
606 3393 682 3475 per
701 3374 839 3447 totum
861 3377 1030 3468 annum,
1051 3391 1188 3475 usque
1206 3364 1261 3445 ad
1277 3357 1600 3447 revolueionem
1609 3390 1719 3447 nove
1739 3369 1921 3464 monete,
1944 3355 2071 3472 quod

391 3481 598 3594 quilibet
592 3505 737 3567 eorum
754 3482 946 3565 liberam
951 3482 1113 3565 habeat
1130 3481 1352 3564 licenciam
1395 3477 1583 3590 ernendj,
1613 3478 1830 3564 vendendi
1850 3494 1947 3561 cum
1967 3481 2063 3587 ipsa
2188 3515 2207 3566 ·.

390 3611 571 3704 moneta,
594 3630 692 3683 cum
715 3628 818 3684 auro
840 3611 884 3681 et
904 3593 1082 3709 argento
1104 3598 1173 3682 vel
1194 3601 1506 3710 cuiuscumque
1529 3511 1775 3681 substancia
1798 3595 2060 3733 sacrdtatemJ

363 3746 471 3808 „nee
481 3718 904 3856 pretermittendum
941 3718 1059 3828 quod
1095 3716 1323 3827 sepedictis
1345 3713 1585 3825 hospitibus
1606 3717 1760 3801 nostris
1781 3713 2028 3816 fidelibus,
2016 3743 2061 3796 ιιι

253 3843 256 3850 '
392 3838 514 3947 aquis
535 3837 772 3946 piscandis
761 3865 805 3917 ιιι
825 3835 940 3920 siluis
962 3835 1159 3938 venandi,
1180 3835 1349 3943 plenam
1370 3836 1658 3920 concessimus
1677 3834 1931 3917 libertatem.
1974 3827 2062 3916 Vo·
2137 3857 2141 3862 ·

359 4027 365 4038 .
390 3953 575 4058 lumus
563 3982 754 4065 rnsuper,
777 3955 925 4064 quod
913 3982 957 4034 ιιι
978 3955 1101 4037 metis
1125 3962 1169 4035 et
1187 3953 1389 4035 limitibus
1410 3955 1526 4036 siluis
1550 3961 1591 4034 et
1611 3946 1867 4036 nemoribus
1873 3977 1950 4060 per
1969 3948 2062 4035 nul-
2079 3997 2086 4003 ·

363 4165 367 4169 ‚
391 4052 471 4156 lius
493 4071 751 4157 condicionis
772 4071 987 4154 hominem
1006 4069 1290 4182 impediantur
1306 4071 1373 4154 vel
1378 4080 1634 4209 ..ςιιιιιιιιιιιιι
1665 4069 1852 4154 Verum
1838 4095 1922 4178 rpsr
1910 4068 2064 4178 larga

393 4177 617 4299 pobiantur
635 4191 825 4276 lieencia.
880 4177 1019 4273 Siluas
1042 4192 1358 4300 extirpandi,et
1313 4190 1420 4271 ein
1439 4200 1595 4272 terram
1617 4189 1838 4273 amabilem
1857 4186 2060 4286 rediendi,

393 4308 569 4422 suisque
586 4307 733 4392 usibus
751 4308 1004 4418 applicandi
1038 4305 1149 4393 Oum
1170 4317 1312 4390 autem
1321 4306 1577 4393 collectores
1593 4306 1769 4419 terragiJ
1783 4301 1928 4407 nostri
1943 4312 2059 4386 certo

393 4431 583 4535 tempore
618 4428 870 4535 prescripto,
892 4427 979 4507 ad
969 4452 1085 4533 rpsos
1119 4427 1412 4534 pervenerint,
1442 4426 1698 4512 tenebuntur
1724 4450 1810 4514 eos
1843 4422 2060 4532 suscipere

260 4549 265 4557 “
393 4543 624 4628 honorifice
645 4554 689 4625 et
709 4553 929 4655 gratanter
950 4541 1047 4653 (sic)
1068 4544 1112 4623 in
1134 4553 1249 4626 certo
1271 4573 1446 4629 numero
1483 4554 1667 4656 quatuor
1701 4567 1997 4651 personarum,
2017 4547 2061 4619 et

394 4663 583 4773 quinque
605 4688 823 4770 equorum,
844 4662 1025 4770 quibus
1014 4688 1058 4740 ιιι
1071 4660 1327 4742 victualibus
1346 4671 1389 4743 et
1404 4663 1563 4771 delieijs
1583 4662 1744 4745 laucius
1764 4656 2062 4768 providebunt,
2086 4673 2090 4682 ’

395 4781 556 4864 donec
563 4807 729 4862 summa
762 4779 1035 4860 tricentarum
1056 4804 1292 4861 marcarum
1314 4806 1411 4860 cum
1431 4781 1620 4891 pondere
1639 4777 1932 4913 prenominato
1952 4776 2060 4855 inte-

394 4899 520 5010 gralit
521 4927 566 4981 er
602 4897 836 5007 colligatur
889 4895 1140 4980 Postremo
1128 4897 1231 5056 ipsis
1252 4898 1496 5036 petentibus
1518 4899 1629 4980 hanc
1641 4895 1939 5004 concessimus
1961 4919 2059 5004 gra-
2186 4957 2191 4968 ,
