5409 6309
1412 868 1460 884 -
1512 828 1586 902 422
1627 863 1688 912 ,-

631 1114 636 1126 .
726 1040 809 1125 diei
829 1047 872 1120 et
893 1037 981 1136 eius
1003 1035 1241 1146 posteritati
1260 1036 1303 1118 in
1324 1041 1462 1120 totum
1497 1032 1687 1118 vendidit
1721 1040 1765 1114 et
1782 1031 2093 1142 imperpetuum
2122 1034 2378 1145 judicialiter

723 1158 966 1270 resignanit,
985 1156 1228 1260 tenendum,
1260 1153 1517 1256 habendum,
1548 1151 1844 1256 utifruendum,
1860 1145 2174 1262 possidendum,
2189 1158 2378 1242 venden-

724 1281 836 1380 dum,
857 1275 1113 1380 donandum,
1133 1274 1444 1376 comutandum,
1466 1272 1731 1358 alienandum
1760 1275 1867 1357 etin
1887 1268 1989 1355 usus
2010 1300 2112 1359 suos
2131 1274 2379 1386 beneplaci-

721 1410 790 1485 tos
810 1395 939 1479 libere
962 1394 1306 1499 conuertendum‚
1326 1401 1456 1504 prout
1477 1392 1557 1476 sibi
1577 1393 1724 1482 melius
1747 1402 1790 1476 et
1808 1390 1950 1480 utilius
1971 1393 2182 1478 ridebitur
2203 1398 2378 1505 expedi-

622 1517 628 1542 ''
720 1548 778 1622 re,
798 1516 1047 1625 promittens
1068 1516 1207 1624 ipsum
1230 1514 1445 1599 dominum
1466 1512 1639 1598 Petrum
1660 1509 1936 1599 Subiudicem
1958 1514 2181 1598 occasione
2201 1518 2377 1624 premis-

720 1663 863 1723 sorum
883 1634 939 1718 ob
962 1633 1154 1718 omnibus
1176 1633 1487 1742 impedimentis
1504 1635 1554 1715 'et
1575 1633 1767 1742 dampnis
1797 1631 2083 1745 quarumlibet
2102 1660 2377 1742 personarum

719 1756 941 1863 utriusque
963 1779 1089 1836 sexus
1110 1752 1343 1836 secundum
1367 1751 1484 1860 quod
1506 1752 1559 1850 ud
1581 1753 1817 1866 quamlibet
1835 1778 2058 1863 personam
2079 1754 2264 1862 pertinet
2282 1786 2377 1869 pre-

655 1868 657 1874 ’
721 1874 913 1984 scripcio,
934 1875 1053 1957 iuxta
1073 1872 1424 1955 consuetudinem
1444 1881 1683 1955 terrestrem
1706 1872 2020 1958 cracouiensem
2048 1870 2230 1958 ubilibet
2247 1877 2377 1959 inter·

722 1993 874 2079 cedere
896 2003 940 2075 et
960 1991 1188 2076 deliberare
1212 1993 1415 2104 quociens
1436 1989 1564 2078 luerit
1584 2000 1850 2101 oportunum.
1892 1991 1943 2075 In
1964 1993 2084 2076 cuius
2104 1994 2165 2077 rei
2184 1996 2375 2081 testimo·

576 2189 581 2202 .
720 2115 837 2198 nium
856 2111 994 2225 sigilla
1014 2119 1160 2196 nostra
1189 2110 1455 2220 presentibus
1491 2121 1591 2194 sunt
1612 2139 1813 2221 appensa.
1864 2109 2021 2194 Actum
2043 2121 2085 2198 et
2107 2113 2252 2197 datmn
2272 2111 2376 2202 feris

723 2234 873 2344 quinta
892 2231 1082 2342 proximo
1101 2240 1200 2339 post
1219 2226 1377 2318 festum
1397 2231 1585 2318 omnium
1604 2241 1849 2315 sanctorum
1872 2257 1982 2314 anno
2016 2232 2170 2318 domini
2206 2234 2375 2322 millesi-

719 2378 788 2438 mo
810 2352 1227 2461 quadringentesimo
1251 2349 1579 2464 quadragesimo
1601 2361 1752 2463 quarto
1774 2348 2047 2436 Presentibus
2083 2352 2165 2462 hijs
2193 2353 2377 2440 testibus

719 2469 942 2558 Nobilibus
964 2469 1145 2556 Martino
1167 2471 1219 2552 de
1243 2464 1408 2579 Corucry
1430 2468 1497 2581 (⁵),
1516 2469 1694 2555 Nicolao
1717 2471 1769 2553 de
1789 2470 1994 2576 Bunsscw,
2015 2472 2193 2558 Nicolac
2210 2473 2262 2557 de
2281 2470 2376 2560 Cru-

719 2587 889 2674 slanicze
909 2588 977 2703 (θ),
1000 2587 1263 2678 Goworkone
1286 2590 1340 2673 de
1365 2584 1539 2673 Sncdddl
1559 2588 1626 2704 (¹),
1649 2588 1862 2675 Stsnislao
1885 2590 1936 2673 de
1958 2589 2168 2677 Zemtoun
2189 2591 2257 2705 (θ),
2293 2593 2372 2679 do·

720 2711 860 2795 haime
897 2710 1076 2795 condam
1119 2708 1172 2793 de
1216 2704 1536 2819 chwunour'cze
1571 2710 1813 2816 heredibus,
1849 2709 2027 2821 olijsque
2061 2709 2250 2822 pluribus
2286 2714 2372 2798 fide

725 2831 866 2942 dignis
888 2837 969 2914 etc.

825 3068 865 3147 (⁵)
889 3064 1038 3169 Kouaw
1050 3013 1175 3128 villain
1189 3064 1264 3152 ipss
1279 3062 1538 3138 Proszowicensi
1553 3062 1727 3152 parochis.v

823 3151 863 3250 (θ)
888 3150 1154 3230 Cmtcusre‚nou
1162 3149 1350 3228 emenone,
1365 3149 1444 3215 villu
1453 3159 1504 3217 est
1518 3149 2375 3239 inLublinensiprovincisstterritorio‚lortssssno·

722 3235 1053 3405 εἴη’(ιὲιῖδδιιώικίοἱ,
1082 3319 1285 3399 sicheusita,
1316 3319 1503 3410 Sudodoty.
1531 3343 1605 3388 cum
1626 3319 1726 3389 vsriis
1759 3320 1957 3394 nominibus.
1982 3321 2102 3389 multoe
2127 3334 2206 3391 sunt
2229 3324 2323 3392 villae
2337 3326 2371 3393 iu

722 3406 990 3482 Ssndcmiriensi
1005 3404 1206 3475 Lnblinensi.
1221 3405 1465 3488 Podlscbiensi,
1480 3407 1686 3474 Mssoviensi
1699 3416 1735 3474 et
1751 3407 1903 3474 Ploccnsi
1943 3408 2109 3476 revinciis.

824 3493 866 3578 (θ)
891 3483 1446 3586 VillaZembodu‚·Proszowicensis
1462 3494 1606 3581 regionis
1619 3494 1653 3560 iu
1665 3490 1880 3561 cracoviensi
1896 3431 1972 3560 clim
1986 3494 2167 3582 provincis.
