5409 6309
1377 843 1427 858 -
1485 808 1656 879 idd-

675 1018 806 1100 mium
842 1018 896 1098 sit
929 1019 1137 1119 paratum
1189 1007 1373 1091 Proinde
1410 1007 1606 1092 noverint
1650 1006 1834 1089 universi
1880 1016 2102 1116 presentes
2134 1020 2178 1091 et
2206 1009 2355 1114 futuri,-

652 1135 793 1246 ,quod
828 1158 905 1214 nos
926 1130 1111 1210 Lezstco
1143 1126 1226 1208 Dei
1257 1125 1406 1235 gracia
1439 1124 1525 1206 dux
1545 1124 1754 1209 Oracovie
1778 1122 2134 1209 Sandomiriensis
2154 1137 2197 1209 et
2216 1126 2348 1246 Syra·

675 1252 828 1335 aiensis
849 1247 955 1357 qui
940 1269 997 1328 ex
1019 1244 1229 1354 dignitate
1248 1244 1511 1351 principatus
1537 1242 1804 1352 singulorum
1822 1243 1975 1325 merita
1994 1243 2187 1353 diligenti
2207 1250 2344 1330 consi·

676 1368 903 1450 deracione
924 1362 1129 1445 debemus
1152 1362 1303 1444 iutueri
1318 1361 1509 1445 volentes
1528 1361 1701 1443 cuilibet
1716 1385 1793 1468 pro
1807 1361 1946 1443 meriti
1962 1362 2195 1471 qualitate
2184 1391 2350 1473 impen-

676 1487 783 1570 dere
796 1484 940 1592 gracie
963 1480 1276 1591 quantitatem
1265 1507 1308 1561 ιιι
1329 1479 1658 1562 retribucionem
1695 1476 1995 1589 obsequiorum
2017 1478 2140 1564 nobis
2164 1491 2208 1563 et
2226 1484 2355 1565 terris
2471 1517 2474 1522 ·

674 1603 828 1686 nostris
852 1600 1146 1737 multipliciter
1180 1623 1255 1711 per
1276 1594 1547 1706 Withconem
1579 1596 1828 1708 supparium
1855 1604 2047 1679 nostrum
2075 1602 2346 1712 prestiturum

625 1717 629 1723 ’
673 1723 758 1829 ipsi
775 1747 828 1827 ac
850 1720 980 1826 ipsius
1017 1718 1195 1825 posteris
1228 1714 1458 1799 Ciuitatem
1490 1713 1691 1796 Nostram
1714 1711 2099 1799 Sandomiriensem
2132 1705 2283 1799 damus
2305 1729 2356 1799 et

674 1839 812 1948 tytulo
833 1845 1036 1945 perpetue
1060 1835 1305 1917 donacionis
1326 1831 1531 1916 tradimus
1563 1832 1688 1914 sub
1678 1857 1766 1916 rure
1797 1823 2044 1915 theutonis)
2076 1843 2119 1915 et
2146 1834 2344 1919 libertate

421 1934 441 1996 ’·
563 2017 571 2024 .
674 1954 992 2064 meydburiensi
1024 1951 1254 2035 locacionis
1289 1950 1459 2033 locandi
1493 1958 1536 2030 et
1565 1949 1832 2054 conuocandi
1864 1950 1920 2031 ad
1942 1950 2122 2032 eandem
2152 1951 2344 2034 homines

677 2070 978 2185 quarumlibet
990 2070 1217 2152 nacionum
1237 2081 1283 2152 et
1303 2070 1603 2176 undecumque
1639 2046 1772 2150 libere
1793 2051 1935 2152 tamen
1958 2068 2219 2152 condicionis
2239 2069 2348 2152 libe·

673 2220 764 2292 ram
796 2199 838 2270 et
869 2188 1153 2272 omnimodam
1188 2187 1321 2269 facult
1305 2196 1456 2290 tatem3
1501 2186 1786 2268 concedentes
1824 2185 2039 2285 omnibus,
2079 2187 2153 2296 qui
2188 2186 2349 2272 ibidem·

647 2277 802 2420 &locati
821 2305 995 2408 fuerint,
1025 2332 1153 2413 super
1185 2306 1307 2386 cultis
1330 2332 1407 2386 seu
1429 2306 1543 2413 agris
1566 2305 1807 2411 exstirpatis
1830 2312 1926 2387 octo
1949 2330 2156 2387 annorum
2175 2303 2346 2389 liberta·
2384 2305 2389 2310 ’

672 2435 759 2509 tem
779 2424 1011 2534 plenariam
1048 2452 1074 2504 a
1095 2449 1247 2504 census
1285 2423 1463 2505 dacione
1485 2434 1529 2502 et
1549 2421 1605 2502 ab
1627 2421 1823 2505 omnibus
1844 2432 1933 2503 tam
1964 2415 2183 2504 ordinariis
2216 2451 2345 2534 quam

676 2542 1014 2626 extraordinariis
1049 2537 1210 2621 iuribus
1233 2551 1275 2621 et
1295 2540 1579 2623 solucionibus
1618 2538 1920 2651 qualicumque
1956 2525 2167 2637 vocabulo
2199 2568 2358 2623 oense·

676 2670 813 2743 antur.
867 2657 935 2740 Ad
956 2656 1179 2748 locandam
1212 2645 1422 2768 siquidem
1454 2653 1720 2766 prehabitam
1743 2656 1972 2741 Oiuitatem
1993 2657 2188 2741 addimus
2210 2660 2346 2740 eidem

676 2776 895 2862 Withconi
932 2776 1138 2858 ducentos
1174 2774 1319 2859 laneos
1354 2774 1620 2860 franconicos
1652 2774 1830 2860 Ciuibus
1851 2785 1927 2888 pro
1950 2775 2207 2885 agricultura
2228 2804 2346 2857 exer·

546 2909 549 2914 ’
676 2895 815 2978 cende
835 2904 879 2975 et
898 2892 1097 2975 habenda
1120 2893 1171 2975 de
1194 2892 1349 3003 quibus
1371 2895 1503 2976 laneis
1526 2894 1721 2977 omnibus
1742 2899 1908 2976 sextum
1938 2919 2133 2975 mansum
2165 2893 2346 2976 liberum

588 3071 595 3083 ·
676 3022 839 3097 sextam
877 3014 1038 3093 curiam
1072 3011 1249 3094 liberam
1293 3022 1546 3121 sextumque
1583 3020 1719 3094 ortum
1752 3020 1833 3093 etc.
1869 3009 2046 3092 liberum
2083 3038 2109 3091 a
2129 3010 2350 3122 solucione
2386 3057 2427 3081 A·

677 3157 830 3214 census
854 3138 896 3211 et
919 3130 1136 3213 exactione
1165 3130 1384 3242 predictus
1416 3125 1507 3214 Wit
1491 3130 1589 3226 theo
1612 3157 1709 3212 cum
1730 3129 1817 3212 suis
1838 3131 2019 3238 posteris
2040 3129 2210 3213 racione
2231 3128 2350 3212 loca-¹

653 3249 811 3333 'aionis
835 3257 877 3331 et
898 3247 1130 3331 aduocacie
1154 3276 1284 3358 quam
1303 3251 1348 3330 in
1367 3250 1461 3357 ipsa
1485 3248 1646 3356 Ciuitat
1629 3256 1670 3330 te
1692 3275 1822 3383 quam
1841 3245 2080 3330 locauerit
2068 3275 2159 3329 rure
2180 3241 2346 3336 Ῑιειθόἱι,

675 3368 782 3450 tario
793 3363 1011 3447 tenebit
964 3373 1042 3447 tm
1066 3375 1319 3473 perpetuum
1350 3365 1531 3474 pacifice
1564 3376 1606 3446 et
1634 3363 1780 3476 quiete
1799 3362 2047 3478 possidebit.
2084 3364 2152 3448 De
2187 3365 2345 3448 mansis

677 3485 850 3596 quidem
886 3483 1008 3574 cultis
1047 3485 1217 3568 evoluta
1253 3484 1446 3567 libertate
1483 3484 1729 3591 supradicta
1760 3493 1857 3570 octo
1890 3509 2095 3588 annorum
2115 3482 2236 3568 nobis
2257 3482 2346 3568 oul-

674 3615 789 3688 tores
811 3629 1011 3712 agrorum
1030 3629 1108 3709 per
1129 3612 1225 3686 octo
1247 3612 1390 3686 scotos
1427 3603 1595 3712 argenti
1631 3601 1857 3684 examinati
1827 3601 2060 3684 tsolvent
2081 3601 2134 3683 de
2157 3573 2352 3710 quolibet

675 3746 836 3804 manso
869 3718 938 3800 De
958 3718 1180 3803 noualibus
1201 3746 1301 3801 vero
1324 3730 1368 3801 et
1388 3720 1556 3802 incultis
1577 3719 1764 3802 sedecim
1786 3723 1906 3804 annis
1926 3719 2032 3800 liber
2033 3728 2167 3802 tatem
2199 3748 2225 3800 a
2246 3746 2345 3801 oen-

676 3865 749 3919 sus
772 3835 1053 3918 solucionet
1010 3841 1053 3914 et
1074 3838 1292 3919 exactione
1331 3837 1524 3947 qualibet
1542 3836 1787 3919 retinebunt
1807 3848 1851 3920 et
1870 3848 2249 3947 quantumcunque
2270 3864 2347 3919 uc·

676 3955 742 4038 bis
767 3952 979 4059 exspirata
1015 3954 1139 4036 cedet
1171 3952 1367 4044 libertate
1401 3958 1452 4037 de
1475 3955 1664 4066 quinque
1700 3956 1871 4056 mansis.
1908 3955 2176 4038 tantumdem
2210 3954 2346 4037 aduo-

558 4127 566 4140 ·
677 4079 800 4154 catus
822 4068 994 4153 Withoo
1016 4096 1115 4152 cum
1136 4074 1222 4154 suis
1244 4076 1426 4181 posteris
1448 4074 1499 4155 de
1521 4084 1655 4155 sexto·
1672 4101 1841 4176 manso,
1873 4084 1995 4156 sexta
2025 4074 2141 4157 curia
2160 4081 2205 4153 ct
2225 4081 2345 4166 sexto

676 4199 767 4275 orto
805 4213 974 4296 semper
1009 4190 1215 4299 percipiet
1251 4192 1490 4275 solucionis
1542 4189 1751 4274 Addimus
1788 4191 1958 4303 insuper
1981 4189 2156 4276 Ciuitati
2176 4191 2345 4273 nostrae

677 4306 1006 4429 Sandomiriensi
1044 4310 1289 4418 supradicte
1324 4311 1478 4419 viginti
1513 4310 1659 4393 laneos
1695 4310 1886 4392 eiusdem
1936 4338 2134 4393 mensure
2179 4307 2381 4392 franco--

675 4429 770 4509 nice
805 4454 882 4534 pro
917 4421 1088 4534 pascuis
1111 4425 1361 4509 animalibus
1381 4425 1588 4510 faciendis
1607 4428 1831 4537 dequibus
1852 4426 1967 4509 nulla
1989 4429 2148 4512 solucio
2167 4428 2346 4510 (ιιιιαιιιθ

674 4543 869 4626 libertate
887 4553 1042 4651 etpost
1060 4544 1300 4630 libertatem
1320 4545 1444 4631 nobis
1466 4544 1601 4627 cedet
1626 4545 1829 4629 Preterea
1850 4547 1985 4630 eciam
2006 4535 2196 4656 predicto
2212 4544 2345 4630 aduo-

676 4677 772 4746 cato
790 4661 858 4744 Wi
862 4662 1006 4744 theoni
1028 4691 1123 4744 cum
1145 4666 1239 4745 suis
1253 4665 1433 4772 posteris
1455 4667 1507 4748 de
1531 4664 1676 4773 gracia
1706 4675 1871 4747 nostra
1887 4665 2061 4772 speciali
2097 4662 2345 4774 superaddi

675 4805 769 4862 mus
806 4788 903 4861 octo
939 4805 1108 4863 mansos
1143 4781 1299 4865 liberos
1335 4784 1506 4892 penitus
1549 4803 1757 4868 a.census
1794 4782 2010 4866 solucione
2048 4794 2091 4865 et
2124 4782 2343 4866 exactione

591 4899 598 4910 '
678 4906 910 5005 exemptos.
960 4895 1029 5004 De
1050 4897 1214 4982 iudiciis
1236 4927 1336 4983 vero
1357 4898 1643 5011 singrdaribus
1664 4901 1882 5008 mutuatim
1913 4901 2051 4996 nobis‘
2069 4902 2153 4985 duo
2186 4898 2349 4982 denarii
