5409 6309
1060 888 1105 902 ·-
1159 845 1233 922 391>
1287 883 1331 901 -

366 1073 543 1164 corpora
583 1041 869 1139 assumunth
913 1049 1111 1138 Decimae
1147 1061 1340 1163 preterea
1376 1059 1420 1133 et
1453 1049 1741 1160 possessiones
1764 1049 1820 1133 ad
1846 1049 1927 1135 ¹dus
1951 1076 2021 1132 ec-

368 1172 587 1258 clesiarum
617 1180 852 1258 vestrarum
892 1183 1137 1285 spectantes
1170 1185 1261 1281 ¹que
1296 1200 1323 1255 a
1355 1170 1493 1279 laycis
1515 1170 1777 1254 ‘detinentur
1813 1170 2021 1255 redimen÷

368 1292 411 1375 di
441 1301 486 1374 et
512 1293 700 1405 legitime
733 1293 941 1378 liberandi
979 1295 1031 1376 de
1066 1292 1263 1379 manibus
1300 1317 1446 1374 eorum
1478 1299 1521 1373 et
1540 1291 1597 1374 ad
1622 1289 1895 1404 ecclcsiasad
1911 1314 2022 1400 quas

366 1413 579 1521 pertinent
611 1413 842 1497 reuocandi
875 1412 1007 1496 libera
1041 1415 1097 1498 sit
1124 1412 1245 1499 vobis
1275 1412 1329 1493 de
1357 1419 1503 1492 nostra
1538 1412 1788 1492 auctoritate
1825 1407 2027 1494 facultas·

366 1524 564 1614 Obeunte
593 1560 693 1616 vero
723 1542 767 1616 te
796 1559 908 1615 nunc
941 1533 1129 1617 eiusdem
1159 1532 1242 1618 loci
1262 1528 1498 1613 Abbatissa
1518 1529 1588 1612 uel
1608 1556 1752 1612 earum
1773 1527 1915 1641 aliqua
1936 1556 2020 1640 que

365 1651 445 1735 tibi
464 1653 718 1736 successerit
747 1651 864 1735 nulla
882 1651 942 1737 ibi
964 1652 1155 1759 qualibet
1189 1651 1468 1759 surrepcionis
1505 1650 1672 1732 astucia
1706 1675 1783 1731 seu
1813 1648 2024 1733 uiolencia

363 1779 624 1881 proponatur
642 1773 723 1855 nisi
753 1800 882 1883 quem
917 1797 1082 1856 sorores
1112 1772 1324 1860 communi
1361 1795 1571 1854 consensu
1605 1765 1675 1858 uel
1710 1794 1855 1850 aarum
1889 1766 2022 1851 maior

363 1915 461 1997 pars
499 1890 658 2000 consilij
695 1891 872 1975 sanioris
909 1893 1143 1975 secundum
1180 1894 1304 1975 deum
1341 1901 1385 1972 et
1419 1890 1536 1973 beati
1572 1885 1796 1972 Benedicti
1825 1883 2021 1998 regulam

361 2009 623 2118 prouiderint
645 2010 899 2121 eligendam,
935 2010 1038 2094 Paci
1071 2037 1245 2123 quoque
1275 2019 1319 2092 et
1339 2006 1631 2122 tranquillitati
1666 2014 1806 2092 vestre
1840 2015 2021 2118 paterna

361 2125 637 2238 imposterum
672 2130 952 2214 sollicitudine
988 2131 1210 2238 prouidere
1246 2131 1460 2234 volentes,
1497 2130 1748 2213 auctoritate
1785 2124 2021 2236 apostolica
2081 2143 2085 2150 “

361 2245 635 2355 prohibemus
671 2253 719 2332 ut
752 2247 860 2330 intra
889 2250 1107 2333 clausuras
1141 2251 1331 2335 locorum
1363 2276 1440 2332 seu
1475 2249 1749 2360 grangiarum
1784 2254 2021 2332 vestrorum

361 2366 499 2450 nullus
519 2368 708 2476 rapinam
731 2396 807 2451 seu
827 2366 982 2452 furtum
1004 2367 1145 2453 facere
1165 2371 1315 2480 ignem
1336 2395 1550 2478 apponere
1565 2368 1826 2481 sangninem
1841 2363 2021 2448 fundere

360 2483 572 2569 hominem
592 2496 749 2571 temere
773 2516 925 2597 cepere
945 2488 1017 2572 uel
1037 2488 1274 2573 interficere
1297 2516 1375 2572 seu
1395 2488 1644 2574 violenciam
1666 2487 1825 2570 audeat
1847 2487 2021 2568 cherce-

363 2632 420 2687 re.
452 2604 653 2690 Preterea
675 2633 820 2691 omnes
840 2606 1057 2692 libertates
1077 2618 1120 2691 ct
1133 2610 1421 2722 immunitates
1439 2637 1465 2690 a
1478 2605 1850 2718 predecessoribus
1869 2602 2023 2689 nostris

360 2722 563 2809 Romanis
583 2725 854 2836 pontificibus
875 2727 1132 2813 Monasterio
1164 2739 1308 2813 uestro
1339 2755 1567 2812 concessas
1603 2754 1772 2810 necnon
1801 2724 2020 2810 libertates

362 2855 405 2926 et
424 2847 718 2956 exempciones
739 2847 995 2929 secularium
1029 2848 1302 2931 exaccionum
1324 2876 1351 2930 a
1371 2846 1565 2959 Regibus
1587 2855 1631 2928 et
1654 2845 1920 2954 Principibus
1950 2839 2020 2923 uel

361 2962 453 3072 alijs
474 2963 671 3048 fidelibus
690 2964 1003 3049 racionabiliter
1021 2964 1144 3050 uobis
1164 2965 1349 3049 indultas
1387 2966 1642 3050 auctoritate
1662 2963 1898 3074 apostolica
1919 2986 2020 3043 con-

361 3079 578 3166 firmamus
610 3094 654 3166 et
679 3085 887 3194 presentis
930 3084 1076 3193 scripti
1109 3084 1333 3196 priuilegio
1371 3084 1690 3168 communimus.
1740 3080 2019 3166 Decernimus

361 3226 464 3310 ergo
486 3208 536 3284 ut
556 3203 655 3286 nulli
678 3203 846 3288 omniuo
868 3201 1081 3288 hominum
1117 3205 1245 3287 liceat
1278 3201 1491 3314 prefatum
1525 3202 1826 3290 Monasterium
1860 3208 2022 3282 temere

360 3318 609 3426 perturbare
631 3333 706 3405 aut
727 3323 815 3407 eius
836 3321 1129 3432 possessiones
1150 3323 1312 3408 auferre
1332 3325 1401 3408 uel
1423 3323 1588 3407 ablatas
1618 3326 1799 3407 retinere
1829 3321 2019 3404 minuere

359 3464 435 3520 seu
456 3437 715 3549 quibuslibet
734 3441 1038 3526 vexacionibus
1058 3440 1254 3555 fatigare,
1276 3445 1352 3527 scd
1375 3444 1515 3528 omnia
1529 3446 1697 3556 integra
1714 3445 2020 3527 conseruentur

360 3582 504 3642 eorum
539 3586 617 3667 pro
649 3587 828 3671 quorum
865 3559 1182 3673 gubernacioue
1220 3591 1272 3645 ac
1307 3562 1655 3646 substentecione
1685 3560 1782 3675 (sic)
1812 3584 2018 3644 concessa

359 3685 460 3759 sunt
479 3678 627 3762 usibus
649 3681 900 3765 omnimodis
921 3680 1154 3789 profutura,
1175 3682 1298 3765 salua
1318 3684 1431 3766 sedis
1454 3682 1686 3793 apostolice
1707 3680 1960 3764 auctoritate
1976 3686 2021 3758 et

361 3794 590 3904 dyocesani
611 3791 797 3909 episcopi
821 3801 1027 3885 canonica
1046 3802 1226 3906 iusticia,
1256 3803 1293 3883 si
1315 3829 1404 3909 qua
1433 3804 1564 3941 igitur
1597 3804 1641 3884 in
1672 3799 1859 3885 futurum
1882 3795 2018 3879 eccle·

358 3914 531 3998 siastica
551 3919 806 4003 secularisue
827 3945 1009 4032 persona
1030 3920 1142 4003 hane
1158 3930 1303 4005 nostre
1320 3924 1477 4006 constit
1478 3922 1639 4007 ucionis
1655 3919 1860 4034 paginam
1876 3919 2021 4001 sciens

357 4044 505 4117 contra
525 4065 617 4120 eam
637 4048 797 4122 temere
828 4040 972 4124 venire
1002 4042 1275 4150 temptauerit
1308 4040 1498 4125 secundo
1532 4043 1721 4125 tercioue
1760 4040 2014 4122 commonita

358 4152 440 4234 nisi
459 4164 622 4238 reatum
644 4185 766 4241 suum
804 4184 995 4271 congrua
1030 4159 1325 4243 satisfaccione
1362 4162 1588 4245 correxerit
1622 4159 1846 4270 potestatIs
1882 4156 2017 4240 hono·

354 4270 495 4383 risque
526 4278 591 4359 sui
629 4281 790 4361 careat
809 4277 947 4390 dignit
948 4286 1015 4360 ate
1050 4306 1252 4387 reamque
1288 4307 1334 4361 se
1374 4281 1516 4365 diuino
1552 4279 1708 4364 iudicio
1747 4278 1926 4361 existere
1959 4277 2012 4358 de

356 4403 599 4528 perpetrata
633 4398 875 4504 iniquitate
889 4406 1214 4508 cognoscatet
1249 4404 1598 4488 asacratissimo
1630 4423 1803 4509 corpore
1832 4421 1885 4478 ac
1913 4421 2013 4479 san·

355 4511 491 4619 gwinc
515 4513 583 4597 dei
602 4523 646 4595 et
666 4516 822 4600 domini
841 4516 1118 4653 redemptoris
1148 4516 1279 4599 nostri
1300 4515 1408 4601 Jesu
1431 4519 1587 4605 Christi
1624 4519 1731 4600 elien
1769 4512 2010 4631 (alienant)
2140 4621 2143 4632 Ι

354 4627 433 4712 fiat
452 4634 629 4744 atque
617 4662 660 4714 1n
692 4643 877 4718 extremo
912 4635 1101 4718 examine
1138 4634 1323 4717 districte
1355 4637 1577 4722 subiaceat
1611 4638 1781 4722 vlcioni
1833 4635 2011 4721 Cunctis

357 4761 497 4834 autem
537 4753 673 4835 eidem
702 4753 795 4838 loco
825 4779 904 4837 sua
938 4754 1030 4836 iura
1055 4752 1322 4838 seruantibus
1354 4756 1409 4838 sit
1438 4786 1523 4867 pax
1555 4758 1713 4843 domini
1743 4758 1875 4842 nostri
1902 4754 2012 4840 Jesu

355 4869 456 4952 crist
457 4870 470 4951 i
492 4874 690 4984 quatinus
712 4873 875 4987 (siqu
832 4873 964 4957 ethic
985 4869 1169 4957 fructum
1189 4871 1303 4959 bone
1323 4876 1508 4959 accionis
1547 4847 1785 4988 percrpiant
1819 4885 1863 4959 et
1896 4876 2011 4987 apud

357 4987 589 5075 districtum
611 4990 809 5076 dudicem
829 4994 991 5104 premia
1012 5003 1153 5078 eterne
1174 4995 1292 5104 pacis
1312 4995 1541 5081 inueniant
1566 5026 1702 5083 amen.
1750 4996 1911 5082 Datum
1930 4993 2010 5078 Pc-
