5409 6309
909 851 1321 976 qauz-7

358 1097 443 1156 non
464 1077 719 1180 suspectam,
740 1094 824 1152 non
843 1065 1042 1153 violatam
1063 1066 1118 1151 61
1139 1069 1204 1152 166
1224 1069 1411 1178 ipsorum
1427 1069 1712 1174 ostenderunt,
1730 1076 1773 1152 et
1788 1071 2009 1182 supradic-

359 1192 413 1274 tis
433 1187 580 1274 Judici
599 1198 680 1271 etc.
702 1197 986 1298 porrexerunt,
1021 1196 1214 1297 petentes
1251 1188 1364 1271 eirca
1384 1190 1451 1270 ius
1472 1188 1657 1298 ipsorum
1692 1191 1937 1301 adiudicari,
1970 1199 2014 1273 et

358 1318 720 1423 recognoscentes
741 1307 820 1391 sub
840 1307 1027 1416 ipsomm
1045 1307 1312 1391 consciencia
1326 1305 1493 1389 labores
1505 1316 1547 1388 et
1563 1307 1843 1414 obedienciae,
1855 1310 2011 1422 quibus

361 1414 595 1539 antiquitus
615 1424 943 1536 respondebant.
970 1423 1119 1509 «ludex
1140 1453 1242 1510 vero
1261 1425 1405 1509 littera
1424 1434 1609 1536 recepta,
1630 1455 1727 1510 cum
1749 1429 1838 1510 aliis
1860 1457 2012 1539 supra·

362 1547 486 1630 dictis
506 1546 738 1658 presidens,
761 1554 804 1628 et
824 1544 936 1628 bene
956 1546 1196 1649 masticata,
1233 1545 1447 1629 dominum
1481 1546 1716 1654 predictum
1753 1551 2014 1656 prepositum

360 1667 508 1775 primo,
529 1666 728 1769 secundo,
748 1665 891 1769 tercio,
913 1673 956 1748 et
974 1665 1084 1748 ultra
1103 1666 1168 1748 ius
1191 1676 1341 1773 quarto
1363 1665 1596 1776 requisiuit,
1617 1675 1828 1747 ancontra
1847 1668 2014 1775 predic-

361 1795 453 1869 tum
473 1785 742 1896 priuilegium
778 1783 937 1891 aliquid
958 1781 1178 1867 habuisset
1199 1782 1337 1868 dicere
1358 1785 1425 1868 vel
1445 1783 1699 1892 vituperiose
1721 1783 1901 1868 obicere.
1940 1787 2016 1871 Ille

361 1931 460 1989 vero
481 1903 882 2015 precogitatis‘dixit
902 1902 1123 2012 privilegio
1159 1928 1243 1985 non
1278 1904 1519 2012 vituperare
1555 1903 1657 1985 alias
1692 1902 2015 2016 nieprzipum'orr,

360 2050 438 2107 nos
459 2023 634 2107 tandem
656 2050 752 2104 cum
772 2021 856 2103 iam
880 2020 1003 2103 dictis
1026 2019 1203 2104 dominis
1243 2022 1452 2103 iusticiam
1485 2023 1766 2126 attendentes,
1802 2032 1845 2105 et
1878 2025 2015 2134 ipsam

360 2143 591 2253 unicuique
612 2141 849 2252 ministrare
867 2141 1086 2251 cupientes
1122 2148 1287 2231 tantum
1310 2140 1529 2223 16606116
1562 2142 1730 2225 racione
1753 2144 1877 2225 deum
1896 2144 2016 2253 plas-

361 2270 566 2361 matorem
589 2259 757 2345 omnino
778 2286 854 2369 pre
874 2259 1005 2343 oculis
1028 2259 1247 2363 habentes,
1267 2258 1479 2368 predictos
1500 2259 1675 2360 incolas,
1711 2261 1825 2344 circa
1845 2264 2017 2372 priuile-

363 2365 481 2492 giuti]
503 2379 841 2462 adiudieauimus
863 2387 905 2459 61
924 2381 1002 2488 661
1021 2388 1240 2489 presentes
1266 2378 1582 2482 ,6116110611166
1621 2378 1907 2464 decernentes
1911 2381 2018 2490 juri-

365 2498 459 2581 dice
478 2498 690 2608 predictos
712 2523 857 2581 omnes
878 2496 1037 2581 incolas
1081 2498 1251 2583 domino
1273 2498 1490 2608 preposito
1521 2508 1564 2578 et
1592 2495 1830 2584 Conventui
1849 2499 2016 2587 labores

365 2616 513 2701 616116
532 2615 799 2725 infrascripta
817 2621 861 2698 in
881 2615 995 2699 hune
1014 2617 1188 2701 modum
1207 2618 1411 2729 perficere
1442 2625 1485 2698 et
1502 2614 1675 2725 implere
1697 2620 1874 2731 singulis
1883 2624 2017 2707 annis.

364 2732 482 2837 Quia·
498 2737 598 2819 dicti
638 2736 776 2819 incole
799 2734 854 2817 de
877 2732 1173 2820 Crzz'runoroa'czc
1193 2738 1236 2818 in
1256 2764 1374 2820 verre
1396 2736 1762 2841 61166006100666,
1784 2768 1934 2851 agrum
1954 2742 2019 2825 in-

362 2856 543 2965 cipendo
565 2854 620 2940 ab
643 2865 738 2940 ortu
758 2854 856 2938 solis
879 2880 1016 2962 usque
1037 2856 1091 2936 ad
1111 2857 1328 2937 meridiem
1349 2882 1435 2939 uno
1459 2854 1525 2938 die
1548 2883 1678 2958 arare,
1715 2868 1759 2937 et
1777 2868 1876 2965 post
1894 2863 2019 2942 meri·

363 2973 473 3056 diem
495 2975 553 3057 ad
572 2983 740 3081 tempus
762 2975 1002 3075 serotinum,
1040 2974 1158 3080 quod
1179 2972 1305 3056 fuerit
1326 2985 1629 3083 opportunum,
1658 2976 1865 3058 seminare
1890 2987 1933 3059 et
1951 3007 2019 3060 ar·

362 3095 504 3204 picare
526 3093 610 3174 sint
631 3092 802 3175 astricti.
834 3090 966 3173 Aliud
985 3117 1098 3196 vere,
1120 3093 1238 3200 quod
1260 3090 1413 3174 dicitur
1433 3116 1533 3206 uper
1560 3091 1800 3200 incipiendo
1833 3124 1859 3178 a
1878 3106 2016 3180 matu·

362 3237 411 3295 ra
429 3211 714 3321 prelibacione
757 3210 892 3292 eciam
927 3210 982 3292 ad
1017 3211 1233 3294 meridiem
1263 3210 2026 3326 616116616116111600666616116616Ι

366 3330 460 3442 agri
482 3331 717 3442 disponent,
753 3329 938 3412 similiter
960 3328 1015 3412 ad
1035 3332 1335 3413 seminatorem
1356 3358 1440 3415 uno
1463 3331 1531 3413 die
1552 3331 1842 3416 611661111616
1863 3339 2020 3447 etpost

299 3505 302 3510 -
363 3448 594 3554 meridiem,
616 3474 702 3559 quo
726 3448 793 3532 die
814 3449 1052 3558 prepositus
1073 3477 1150 3532 seu
1171 3449 1418 3535 Conuentus
1440 3449 1618 3535 voluerit
1637 3453 1694 3535 ad
1709 3480 1928 3563 vesperam
1950 3484 2019 3539 se·

292 3644 299 3657 .
363 3567 587 3650 minabunt
608 3576 651 3648 61
671 3566 924 3678 arpicabunt
944 3571 1161 3678 aspicione
1183 3570 1236 3651 de
1258 3569 1483 3655 Conuentu
1502 3569 1662 3676 habita,
1677 3598 1753 3681 per
1768 3589 1898 3655 unum
1919 3601 2019 3661 vero

364 3711 532 3770 currum
553 3686 857 3772 frumentorum
878 3697 922 3771 et
939 3711 1016 3796 per
1035 3716 1165 3772 unum
1208 3717 1372 3773 currum
1410 3689 1497 3773 feni
1533 3690 1711 3803 quilibet
1737 3692 1921 3802 ipsorum
1966 3694 2019 3779 de

365 3806 489 3889 laneo
512 3806 566 3889 ad
589 3806 747 3889 curiam
769 3806 821 3890 de
842 3807 1003 3916 campis
1025 3808 1264 3891 conducere
1284 3810 1370 3890 sint
1389 3811 1562 3893 astricti.
1593 3811 1767 3895 Pratum
1783 3811 2020 3921 quodanti·

365 3923 509 4032 quitus
530 3926 572 4005 in
595 3927 790 4036 expensis
813 3928 866 4010 de
889 3924 1115 4010 Conuentu
1135 3925 1443 4010 falcastrabunt
1462 3930 1546 4011 iam
1584 3957 1610 4013 a
1630 3929 1760 4015 modo.
1776 3931 1819 4012 in
1839 3934 2018 4043 propriis
2134 3935 2142 3946 “

367 4043 562 4152 expensis
602 4072 687 4129 660
729 4044 905 4156 singulis
927 4045 1049 4128 annis
1084 4045 1396 4130 falcastrabunt
1430 4074 1506 4156 per
1527 4058 1660 4132 totum
1685 4049 1807 4131 diem.
1847 4048 1914 4132 De
1937 4052 2018 4136 alio

244 4219 248 4228 ·
364 4186 475 4264 vere,
497 4163 611 4273 quod
634 4173 748 4248 esset
769 4162 1040 4273 superfluum,
1063 4165 1256 4249 dominus
1292 4166 1532 4275 prepositus
1554 4169 1644 4250 siue
1667 4178 1901 4251 conuentus
1920 4196 2019 4277 pro·

365 4277 540 4366 uidebit.
571 4281 720 4366 Eciam
755 4284 934 4392 predicti
970 4283 1228 4371 Omethones
1266 4286 1356 4367 siue
1396 4285 1534 4371 incole
1553 4313 1629 4396 pro
1651 4284 1874 4368 manifesta
1907 4288 2016 4371 indi·

365 4397 522 4513 geneis
541 4401 745 4505 Ecclesie,
768 4401 907 4505 Ourie,
929 4416 1004 4486 aut
1023 4403 1247 4506 molendini
1270 4402 1441 4507 arbores
1477 4408 1568 4488 siue
1601 4404 1756 4490 robora
1777 4404 2017 4491 conducere

299 4603 300 4606 ,
366 4518 535 4625 debent,
556 4519 656 4603 dum
675 4519 802 4605 fuerit
821 4533 1101 4632 opportunum
1123 4533 1367 4612 construere
1401 4524 1469 4608 vel
1489 4524 1711 4607 emendare
1748 4524 1907 4636 aliquid
1926 4555 2019 4610 ma-

254 4673 256 4676 ·
364 4637 517 4723 niseste
538 4639 849 4749 intrapredictis
873 4639 970 4753 (sic)
991 4642 1059 4726 Ita
1078 4650 1233 4747 tamen,
1270 4642 1388 4751 quod
1425 4643 1617 4727 dominus
1652 4644 1907 4754 prepositus,
1944 4648 2019 4758 qui

363 4786 440 4868 pro
461 4769 562 4843 tunc
582 4757 720 4863 fuerit,
743 4759 916 4844 arbores
937 4760 1172 4871 superfluos
1192 4763 1378 4844 vendere
1406 4787 1490 4845 606
1511 4759 1735 4868 tenebitur,
1770 4791 1850 4845 660
1881 4764 2017 4847 inani-

362 4887 429 4962 ter
450 4879 633 4988 disipare
654 4876 764 4992 (sic).
812 4879 870 4964 Et
901 4880 1003 4991 quia
1038 4906 1174 4991 agger
1193 4882 1330 4963 eciam
1360 4881 1405 4963 in
1424 4879 1584 4966 ibidem
1624 4883 1767 4994 sepius
1801 4884 2018 4993 rumpitur,

363 4997 459 5083 ideo
479 4996 658 5112 predicti
696 5000 832 5085 incole
863 5000 918 5084 ad
939 4998 1163 5084 violentam
1180 5000 1359 5114 ¹aggeris
1392 5002 1630 5114 ruptionem
1665 5029 1831 5088 currere
1862 4999 2018 5087 debent
