5409 6309
1122 1272 1324 1389 Lxxw.
1411 1250 1415 1255 ’

674 1526 1151 1621 damoetae-ose
1167 1456 1408 1632 29Μὶ
1432 1523 1585 1613 1308
1605 1475 1771 1613 anno.
1815 1652 1820 1669 ο

382 1748 679 1824 ursus-rm
702 1747 944 1821 necares·
965 1747 1066 1820 neu·
1083 1745 1147 1817 nx
1166 1745 1329 1819 onom·
1350 1745 1490 1817 omnm
1510 1690 1596 1818 noo
1614 1745 1732 1819 ornan
1753 1706 1999 1820 osanam
2018 1744 2056 1819 a
2221 1774 2225 1783 ,

438 1853 632 1933 Andr-zelote,
647 1852 687 1924 dt
706 1853 868 1936 chboek,
883 1849 921 1923 (lt
938 1830 1245 2022 Koprzywm'giffi
1258 1847 1413 2034 gemme
1426 1847 1539 1921 loulll
1552 1851 1587 1921 tl
1600 1846 1800 1942 ldomdltlu
1812 1849 2016 1922 bubdam

406 2224 411 2231 -
491 2162 543 2247 In
573 2159 742 2245 nomine
773 2159 930 2243 domini
967 2186 1104 2242 amen.
1168 2155 1294 2259 Quod
1328 2155 1563 2269 Magnifica
1596 2158 1834 2266 principum
1871 2157 2062 2273 decreuit

386 2280 632 2363 auctoritas.
668 2286 808 2360 ratum
845 2287 975 2388 atque
996 2277 1148 2361 stabile
1172 2274 1303 2359 debet
1320 2302 1596 2389 permanere..
1636 2276 1773 2388 Igitur
1793 2303 1871 2362 nos
1893 2275 2059 2361 Wladi-

251 2418 255 2429 ·
387 2395 517 2479 daus.
541 2397 610 2477 dei
629 2397 770 2504 gratia
789 2395 877 2479 dux
898 2382 1120 2499 Crac'ovie.
1143 2392 1420 2480 Sandomirie.
1439 2393 1616 2480 Siradie.
1632 2393 1848 2479 Lancicie.
1867 2394 2065 2482 (luiavie.¹

386 2540 469 2595 nec
489 2540 576 2598 non
596 2513 719 2599 heres
739 2513 886 2624 Regni
904 2513 1091 2598 Polonie.
1151 2514 1313 2598 Notum
1347 2508 1528 2595 facimus
1564 2514 1772 2597 uniuersis
1793 2504 2060 2623 presentibus
2195 2524 2201 2537 '

390 2640 433 2749 et
451 2629 603 2715 futuris
624 2640 844 2740 presentes
864 2632 1015 2716 literas.
1027 2633 1299 2742 inspecturis
1358 2625 1581 2729 Quomodo
1603 2660 1701 2714 cum
1720 2630 1977 2718 honorabilis
1998 2633 2062 2716 vir
2087 2690 2114 2763 ⁰.

494 2890 539 2970 (Ι)
560 2887 739 2980 Ιςάηήόω,
755 2891 957 2981 Andrey‘oar'o,
973 2892 1014 2956 de
1029 2891 1132 2957 hoc'o
1182 2892 1238 2956 rdo
1254 2901 1288 2956 et
1302 2893 1522 2957 monasterio
1535 2889 1809 2957 cisterciensium
1833 2890 1950 2957 confer
1964 2888 2061 2977 hujus

389 2972 474 3038 tomi
498 2974 700 3058 praemissas
727 2973 856 3040 tabulas
870 2975 912 3038 ad
927 2975 979 3041 ΝΟ.
995 2976 1039 3057 V,
1055 2914 1227 3041 xxllsss
1284 2975 1410 3040 XLIV.
1448 2973 1619 3055 Tabulam,
1650 2995 1746 3121 Quam
1773 2975 1832 3041 sub
1860 2976 1912 3042 ΝΩ.
1926 2975 1957 3041 V
1972 2975 2062 3059 typis

392 3057 610 3134 exaravimus,
640 3057 743 3127 altos
767 3058 1044 3143 Andrejoviensis
1074 3058 1235 3124 Albertus
1252 3056 1292 3124 de
1309 3060 1469 3124 Klodcwa
1485 3059 1655 3145 Sigismun
1681 3059 1791 3142 oregi
1809 3058 2066 3125 confirmandam
2091 3095 2093 3101 ν
2172 3047 2179 3060 ’

392 3141 495 3217 dedit.
518 3139 675 3205 Nostrum
688 3140 898 3227 privilegium
912 3142 1010 3206 etiam
1020 3143 1056 3209 in
1067 3151 1277 3290 transumpto·
1289 3141 1437 3241 ejusdem
1450 3142 1540 3228 regis
1552 3142 1758 3228 sigismundi
1769 3143 1946 3226 invenitur,
1958 3144 2063 3209 idem·

1246 3226 1377 3310 oJcrecb
1400 3220 1612 3310 zmodawy,
1634 3225 1867 3311 Klodawczyk
1888 3250 2012 3313 regem,
2028 3238 2064 3292 ut

437 3223 574 3299 sabbas
588 3223 749 3293 Albertus
764 3225 806 3290 de
823 3226 997 3307 Klodcwc,
1045 3225 1176 3292 olonioe

393 3255 474 3384 ffiuud
502 3308 724 3393 confirmaret,
752 3309 907 3394 rogavit·
929 3249 1145 3396 Privilegium
1164 3334 1206 3376 ex
1220 3319 1431 3395 transumpto
1447 3311 1481 3376 in
1497 3310 1675 3375 Tabulario
1706 3311 1813 3396 Regni
1841 3322 2014 3377 asservato
2029 3312 2064 3376 in

389 3402 487 3467 libris
522 3390 693 3477 „Metryki
707 3393 879 3458 koronne”
909 3393 976 3458 vol.
990 3397 1043 3476 48,
1065 3416 1143 3492 pag.
1158 3397 1221 3482 943
1237 3404 1271 3461 et
1286 3415 1380 3478 seqq.
1415 3396 1585 3462 Antonius
1615 3393 1846 3460 Muozlrowski
1874 3394 2063 3479 descripsit.

393 3475 585 3554 proemium
599 3476 861 3543 confirmationis
877 3475 1081 3564 sigismundi
1097 3479 1257 3564 sequitur:
1713 3492 1717 3499 '

385 3638 392 3645 ,
498 3569 538 3636 In
553 3561 686 3627 nomine
702 3562 827 3627 domiui
843 3563 961 3631 Amen.
993 3562 1049 3630 Ad
1065 3573 1262 3650 perpetuam
1276 3562 1326 3631 rei
1340 3554 1541 3628 memoriam.
1576 3562 1623 3628 Ne
1641 3571 1734 3629 actus
1749 3559 1916 3649 hominum
1932 3561 1989 3645 qui
2005 3562 2065 3626 sub

395 3665 546 3739 tempore
561 3651 644 3715 fiunt
659 3669 818 3714 successu
832 3644 994 3731 temporis
1008 3646 1163 3713 labuntur
1178 3649 1267 3730 (sic).
1296 3669 1400 3734 sagax
1417 3645 1559 3712 bumana
1586 3645 1740 3712 condicio
1756 3668 1817 3731 eos
1833 3647 1975 3713 instituit
1988 3645 2065 3711 lite·

396 3760 505 3803 rarum
535 3734 730 3801 testimonio
779 3730 964 3816 erbennarj.
1001 3730 1148 3798 Proinde
1173 3753 1237 3798 nos
1263 3730 1497 3821 Sigismundus
1549 3731 1650 3797 ninus
1679 3730 1733 3795 dei
1762 3731 1976 3829 gracia-Rex
1997 3731 2066 3797 Po·

395 3822 484 3889 lonio
500 3822 558 3888 Ma
582 3841 644 3887 nus
660 3818 726 3883 dux
776 3815 938 3882 itbwanie.
964 3837 1028 3881 nec
1053 3839 1123 3883 uon
1139 3827 1301 3883 terrarum
1318 3815 1493 3884 Cracovie.
1509 3754 1726 3880 Spandomirie.
1744 3812 1883 3882 Srradie.
1898 3815 2071 3895 Lasciuis,
2141 3820 2145 3828 “

330 3949 336 3959 ·
399 3843 672 3974 commodasse
691 3903 838 3968 Prussie.
852 3899 1221 3968 MazovieCulmensis.
1232 3898 1456 3999 Elbingensis.
1469 3900 1740 3983 Pomeranieque.
1752 3897 1905 3966 dominus
1916 3910 1950 3966 et
1959 3900 2074 3967 heres..

399 3990 631 4076 Significamus
650 3996 768 4052 tenore
783 3985 992 4085 presencium
1009 3985 1129 4135 vribus
1145 4009 1184 4050 ex
1211 3984 1281 4050 edit
1292 3985 1458 4051 unrversis
1475 3995 1508 4049 et
1521 3983 1661 4072 singulis
1675 3982 1887 4133 presentibus
1902 3996 1936 4050 et
1949 3984 2069 4051 futuris

358 4116 361 4123 ·
398 4073 514 4137 barum
538 4071 696 4138 noticiam
721 4069 883 4136 habituris
907 4067 995 4152 Quia
1050 4008 1225 4139 enerabilds
1250 4068 1412 4137 Albertus
1434 4068 1475 4134 de
1493 4068 1683 4135 dlodaucA
1708 4066 1768 4133 bas
1783 4070 1979 4155 Monasterij
1996 4069 2069 4137 An·

401 4156 637 4222 drzeowienais
652 4154 802 4220 exhibuit
817 4176 928 4220 coram
943 4153 1049 4221 nobis.
1068 4175 1138 4219 suo.
1157 4164 1407 4238 conventusque
1424 4153 1635 4219 minamine.
1651 4153 1693 4217 du
1717 4152 1772 4217 lex
1787 4153 1995 4242 privilegium
2011 4173 2069 4221 seu

400 4240 497 4306 binas
511 4239 624 4306 literas
639 4239 877 4391 infrascriptae.
894 4237 1014 4304 alteras
1027 4259 1090 4322 que
1102 4246 1197 4305 erant
1209 4241 1413 4305 vetustiores
1428 4237 1570 4303 Illustris
1586 4236 1663 4301 olim
1721 4235 1849 4302 ladislai
1865 4238 1970 4304 Ducis
1986 4236 2070 4305 Ora·

269 4403 272 4409 ,
402 4325 570 4390 soriensis
586 4338 648 4390 eto.
668 4346 770 4409 super
807 4346 847 4389 us
863 4323 1110 4391 Theutonioum
1122 4323 1211 4390 villis
1227 4321 1380 4389 omnibus
1396 4322 1677 4389 Monosteriorum
1701 4323 1967 4395 Andrzcowiensis
1987 4321 2071 4388 Van·

337 4419 344 4430 '
401 4410 571 4476 stonense
578 4410 873 4497 Coprziwnijceusis.
890 4416 924 4474 et
939 4406 1158 4476 Sczerzicenais
1173 4430 1236 4473 nec
1252 4431 1320 4473 non
1335 4428 1436 4493 super
1451 4406 1611 4473 locandas
1623 4405 1718 4471 villas
1737 4413 1770 4470 et
1783 4405 1922 4490 praedia
1933 4406 1968 4470 in
1983 4428 2072 4472 nora

403 4492 516 4558 radice
543 4492 603 4557 sub
630 4491 724 4557 titulo
741 4508 774 4557 et
790 4492 901 4579 sigillo
950 4491 1065 4557 raesati
1089 4491 1252 4559 Vladislai
1277 4491 1371 4556 ducis
1386 4492 1421 4555 in
1437 4491 1574 4557 cordula
1600 4490 1769 4556 sericeas
1793 4490 1911 4578 p'enso.
1926 4490 2021 4556 datas
2037 4502 2071 4557 et

405 4598 595 4643 concessas·
638 4575 772 4643 Alteras
802 4598 882 4641 vero
942 4575 1057 4642 oleslai
1078 4577 1245 4645 Craoovie.
1259 4585 1294 4643 et
1309 4575 1526 4654 Sandomirie,
1557 4575 1663 4657 ducis,
1693 4576 1750 4640 fun
1775 4576 1922 4649 acionem
1954 4574 2071 4672 oppidi
2205 4626 2208 4632 .

405 4662 580 4729 Andr-zeon
615 4680 746 4725 necnon
761 4659 826 4724 dus
840 4658 1084 4727 Theutonicnm
1111 4672 1145 4727 et
1158 4658 1331 4727 nonnullas
1356 4658 1527 4725 libertates
1555 4658 1702 4725 eiusdem
1719 4659 1834 4807 opfiridi
1855 4660 1891 4723 in
1908 4680 1950 4726 se
1962 4670 2069 4725 contr-

300 4798 305 4807 .
405 4756 533 4813 nentes.
549 4754 691 4828 quatuor
706 4742 822 4830 sigillis
836 4743 872 4807 in
887 4742 1034 4808 cordulis
1050 4744 1188 4812 sericeis
1203 4744 1372 4833 appensis.
1391 4743 1584 4832 obsignatas
1612 4744 1731 4811 salvas.
1747 4768 1759 4809 r
1784 4767 1867 4811 esas.
1884 4766 1951 4810 non
1965 4742 2069 4810 vicia·

403 4826 466 4895 aaa
484 4840 519 4918 et
533 4826 624 4895 omni
637 4842 777 4917 prorsus
793 4827 984 4913 suspicione
999 4837 1162 4894 carentes.
1187 4830 1233 4898 Su
1258 4828 1461 4916 plicavitque
1474 4827 1572 4893 nobis
1587 4826 1673 4893 idem
1684 4826 1891 4896 Venerabilis
1902 4826 2070 4897 Albertus·

407 4914 529 4982 Abbas.
545 4924 582 4981 ut
596 4936 653 4982 eas
668 4914 760 5000 ipsas
774 4912 888 4980 literas
904 4925 1060 4995 utrasque
1075 4917 1236 5000 propter'
1262 4937 1353 4980 arum
1366 4922 1564 4980 vetustatem
1580 4912 1731 4998 innovarj
1747 4915 1912 4980 mandare.
1928 4912 2071 4979 auctori-

1866 5014 1927 5080 22‘
