5409 6309
1377 888 1422 904 ..
1477 848 1650 926 392⁸..

534 1160 537 1167 ,
681 1060 784 1174 rast’j
801 1088 878 1171 per
892 1083 1043 1141 manus
1065 1053 1285 1145 Guillermi
1304 1054 1501 1166 Magistri
1519 1054 1727 1141 scolarum
1747 1052 2037 1138 Parmensium
2074 1052 2234 1141 Sancta
2251 1050 2342 1144 Ro-

682 1209 808 1268 mane
829 1178 1007 1263 ecclesie
1027 1173 1362 1286 vicecancellarij
1384 1172 1468 1259 XV
1487 1174 1704 1261 Kalendas
1726 1172 1825 1284 Maij
1846 1171 2087 1259 Indictione
2105 1174 2172 1260 XI
2193 1173 2340 1261 Incar-

682 1300 874 1387 nacionie
897 1295 1105 1382 dominice
1127 1294 1250 1378 Anno
1271 1291 1341 1378 M⁰.
1355 1292 1664 1410 OO⁰.L111⁰(⁰).
1681 1292 1960 1379 Pontificatum
1976 1321 2079 1380 vero
2095 1294 2250 1380 domini
2269 1295 2341 1380 ln·

685 1418 878 1529 nocencij
900 1444 1011 1529 pape
1029 1417 1168 1527 quarti
1190 1442 1299 1499 anno
1318 1416 1495 1500 decimo.
1803 1423 1807 1428 ’

785 1541 912 1623 1428.
943 1537 1032 1622 Nos
1052 1537 1185 1649 igitur
1208 1535 1404 1622 nolentes
1440 1533 1694 1645 precipitare
1727 1533 1771 1614 in
1805 1532 1888 1618 hoc
1919 1532 2033 1618 facto
2053 1561 2113 1650 ne·
2128 1561 2207 1645 per
2224 1543 2346 1617 tran-

675 1663 898 1770 'sumptum
917 1656 1159 1741 huiusmodi
1180 1665 1371 1742 nostrum
1386 1697 1389 1702 <
1406 1654 1534 1740 alicui
1567 1652 1790 1738 videamur
1823 1653 2100 1763 preiudioium
2137 1682 2344 1768 generme

680 1793 724 1864 et
744 1779 826 1888 hijs
847 1776 1067 1889 presertim
1091 1801 1268 1884 quorum
1289 1772 1451 1865 iuribus
1472 1774 1665 1885 predicta
1682 1772 1930 1856 hbertatum
1952 1771 2113 1860 eisdem
2127 1773 2343 1859 sororibus

681 1901 934 2008 etipsorum
955 1893 1053 2010 (sic)
1077 1894 1331 1978 Monasterio
1353 1898 1571 1980 concessio
1591 1893 1637 1977 in
1657 1891 1799 2005 aliquo
1821 1891 2051 2006 derogaret
2081 1894 2244 1977 litteras
2264 1919 2342 1981 no·

656 2073 658 2076 .
680 2028 789 2104 atras
811 2017 1025 2102 citatorias
1047 2022 1195 2099 contra
1211 2040 1357 2098 omnes
1380 2024 1423 2095 et
1443 2013 1716 2127 singulariter
1736 2012 1941 2123 singulos,
1958 2014 2032 2124 qui
2046 2040 2126 2096 sua
2140 2021 2342 2124 putarent

678 2144 886 2224 interesse
903 2135 1170 2245 uelquorum
1192 2131 1224 2217 J
1225 2132 1371 2217 nribus
1393 2133 1680 2244 transumpcio
1699 2131 1933 2218 litterarum
1969 2134 2201 2218 earundem
2220 2136 2342 2219 vide·

677 2267 803 2360 retur,
824 2255 1091 2368 promisimus
1128 2252 1381 2337 Mandantes
1409 2264 1458 2336 ut
1489 2247 1631 2338 coram
1667 2249 1790 2336 nobis
1814 2251 1884 2335 dis
1903 2263 1947 2337 et
1964 2254 2060 2338 loco
2083 2255 2208 2336 certis
2230 2279 2340 2366 quos

679 2379 782 2489 ipsis
804 2386 1017 2461 eteorum
1036 2371 1210 2458 cuilibet
1240 2400 1313 2483 pro
1341 2373 1520 2458 termino
1541 2372 1788 2483 prefiximus
1823 2373 2082 2485 competenti
2118 2399 2368 2484 comparc-v

680 2507 776 2581 rent
794 2495 851 2580 ad
869 2493 1101 2579 videndum
1122 2501 1166 2574 et
1186 2492 1445 2576 audiendum
1466 2492 1638 2576 easdem
1667 2491 1832 2575 litteras
1862 2494 2118 2604 apostolicas
2137 2494 2344 2577 transumi

680 2616 836 2702 debere
857 2642 956 2698 cum
977 2607 1248 2723 apposicione
1271 2612 1433 2695 decreti
1460 2615 1591 2698 nostri
1612 2612 1683 2695 uel
1704 2636 1779 2694 cur
1800 2620 1845 2692 et
1864 2640 1997 2724 quare
2031 2614 2234 2697 transumi
2255 2640 2342 2697 non

534 2817 546 2836 „
681 2736 889 2821 deberent
923 2759 1076 2817 causas
1111 2729 1392 2817 racionabiles
1430 2730 1703 2844 allegandum
1723 2729 1774 2814 In
1796 2756 1882 2841 quo
1905 2733 2079 2842 quidem
2099 2734 2275 2818 termino
2300 2743 2344 2816 et

683 2884 736 2942 eo
755 2855 952 2939 veniente
973 2851 1169 2937 Instante
1197 2860 1241 2932 et
1259 2861 1431 2960 petente
1467 2849 1637 2963 prefata
1669 2850 1943 2962 Margaretha
1976 2852 2210 2938 Abbatissa
2245 2879 2343 2934 cum

599 3023 604 3038 1
682 2976 911 3065 Oonuantu
944 2972 1136 3082 predicto
1172 2970 1386 3083 Nullaque
1424 2971 1739 3056 contradicente
1775 2998 1828 3053 ex
1868 2971 2048 3059 aduerso
2084 2969 2349 3056 Memoratas*

680 3098 839 3182 litteras
860 3091 1114 3204 apostolicas
1138 3091 1401 3174 decreuimus
1437 3092 1764 3175 transumendas
1795 3099 1838 3174 et
1863 3093 2037 3178 easdem
2059 3094 2112 3177 de
2132 3090 2265 3177 verbo
2287 3092 2345 3174 ad

682 3213 860 3300 verbum
874 3210 935 3296 nil
957 3209 1155 3294 addendo
1191 3210 1259 3293 uel
1280 3210 1508 3296 minuendo
1545 3212 1663 3323 quod
1690 3209 1795 3294 facti
1815 3220 2000 3296 mutaret
2033 3208 2244 3322 syllabam
2279 3210 2349 3295 uel

683 3334 942 3446 intellectum
960 3330 1196 3442 aliqualiter
1216 3329 1399 3414 variaret
1420 3334 1773 3441 transumpsimus
1795 3341 1839 3415 et
1857 3335 2157 3418 transsumimus
2173 3358 2347 3443 presen-

683 3453 798 3538 tibus
819 3451 986 3561 scriptis
1007 3450 1162 3534 nostris
1198 3448 1249 3531 In
1286 3476 1466 3558 quorum
1502 3450 1632 3534 fidem
1664 3460 1707 3534 et
1724 3452 2013 3537 testimonium
2051 3455 2348 3564 premissorum

686 3572 879 3685 Sigillum
900 3579 1092 3657 nostrum
1111 3567 1379 3677 presentibus
1402 3580 1469 3653 est
1487 3597 1723 3681 appensum
1742 3569 1899 3656 Actum
1921 3584 1966 3656 et
1987 3574 2133 3656 datum
2157 3566 2346 3653 Crocont'e

683 3692 792 3776 seria
809 3690 1000 3773 secunda
1009 3689 1209 3797 proxima
1228 3696 1328 3799 post
1348 3689 1601 3774 dominicam
1621 3689 2005 3801 Ramispalmarum
2041 3692 2167 3775 Anno
2188 3688 2345 3776 domini

682 3810 902 3896 Millesimo
924 3807 1342 3919 quadringentesimo
1364 3811 1567 3894 vicesimo
1605 3820 1760 3914 octauo
1795 3810 2069 3896 Presentibus
2091 3807 2346 3896 venerabili·

681 3931 764 4017 bus
786 3939 829 4012 et
848 3925 1164 4011 honorabilibus
1186 3929 1285 4012 viris
1308 3927 1486 4012 dominis
1515 3927 1690 4014 Nicolao
1718 3927 1942 4040 Pyencazelr
1970 3930 2191 4042 Proposito
2223 3926 2343 4014 Tho·-

684 4077 755 4134 ma
789 4043 1028 4156 Cnrooersay
1063 4048 1329 4132 decretorum
1352 4046 1527 4134 doctore
1556 4047 1855 4135 Oraeouiensis
1876 4049 2116 4162 Nynogneo
2134 4050 2185 4133 de
2203 4047 2348 4133 Dobra

518 4183 520 4194 '
683 4165 973 4255 Lanciciensis
993 4166 1283 4251 Ecclesiarum
1318 4165 1548 4254 Canonicis
1585 4180 1628 4252 et
1654 4168 1832 4253 Nicolao
1872 4165 2104 4281 Czalyccslcy
2140 4169 2349 4253 Altarista

684 4291 726 4373 in
746 4286 944 4374 Ecclesia
963 4284 1198 4370 kathedrali
1220 4297 1367 4371 nostra
1389 4285 1664 4374 Oracouiensi
1697 4287 2012 4399 Nobilibusqus
2044 4288 2221 4374 Nicolao
2260 4286 2349 4370 Bu-

677 4405 933 4521 ,dzyssowsly
970 4416 1070 4490 trurc
1106 4406 1312 4492 Marsaleo
1352 4416 1396 4491 et
1422 4407 1551 4494 Petro
1574 4409 1629 4492 de
1649 4406 1855 4492 Borrinoav
1878 4405 2173 4519 Subpincerna
2192 4408 2348 4492 nostris
2422 4422 2425 4428 ’

690 4525 1013 4638 Episcopalibus
1034 4525 1214 4611 testibus
1237 4528 1352 4611 circa
1372 4530 1581 4638 premissa
1600 4527 1799 4613 fidelibus
1819 4526 2060 4641 fidedignis.

798 4763 836 4840 (⁹)
860 4759 980 4847 Vulgo,
996 4760 1047 4826 die
1064 4763 1103 4825 ll
1120 4761 1240 4829 mensis
1255 4761 1378 4848 aprilis,
1395 4762 1479 4829 1253
1493 4786 1590 4832 auno.
