5409 6309
1052 760 1110 875 --⁴
1154 819 1226 896 an
1284 859 1329 874 -

415 972 423 1002 .
712 991 715 994 ,

371 1019 686 1136 gravaminibus
707 1015 1028 1107 misericorditer
1047 1023 1371 1129 subvenire;·nt
1405 1050 1504 1111 vero
1540 1023 1689 1109 civitas
1710 1023 1902 1134 prodicta
1932 1026 2011 1112 sub

372 1153 514 1226 nostro
534 1141 645 1226 felici
660 1142 873 1251 regimine
892 1137 1063 1224 liberius
1083 1145 1291 1255 respirare
1311 1140 1452 1225 valeat
1467 1152 1510 1225 et
1528 1144 1666 1228 felicia
1680 1144 1865 1253 recipere
1881 1141 2018 1230 incre-

371 1274 532 1365 menta,
552 1260 688 1370 ipsam
710 1260 925 1345 civitatem
958 1269 1146 1345 nostram
1176 1262 1467 1365 Noousondecz,
1501 1274 1628 1371 prout
1652 1267 1697 1347 in
1727 1237 1811 1344 duis
1833 1265 1953 1347 metis
1976 1276 2026 1350 et·

373 1380 583 1495 granioiia,
603 1382 742 1494 longe,
763 1381 860 1482 late,
882 1379 1405 1495 circumferencialitcrque
1422 1380 1476 1463 ab
1496 1382 1672 1493 antiquo
1693 1392 1757 1465 cst
1776 1382 1955 1464 limitata
1976 1393 2021 1467 ot

374 1501 593 1604 distincta,
623 1503 675 1585 cle
696 1497 801 1584 dure
821 1497 1020 1584 Polouico
1041 1501 1084 1582 in
1106 1498 1189 1583 Jus
1209 1499 1522 1583 Thcutonioum
1546 1510 1651 1609 quot
1671 1497 1768 1614 (sic)
1790 1499 2019 1607 Maydbnr·

373 1648 509 1732 genae
531 1619 702 1723 dicitur,
719 1617 1020 1703 transferimus
1041 1630 1246 1729 perpetuo
1269 1620 1538 1721 duraturum,
1574 1628 1841 1704 removentes
1861 1619 2019 1706 ibidem

373 1741 514 1824 omnia
533 1739 643 1825 dura
662 1738 931 1842 Polonicalia,
952 1737 1100 1822 modos
1121 1751 1165 1822 et
1179 1738 1503 1823 consuetudines
1525 1739 1759 1845 universas,
1779 1765 1865 1847 quc
1880 1741 2017 1848 ipsum

311 1867 317 1878 '
372 1857 456 1944 dus
478 1859 791 1977 Tbcutonicum
805 1856 1155 1968 *Maydburgense
1174 1859 1412 1970 predictum
1432 1859 1681 1967 plenrmque
1711 1871 2021 1945 consueverunt
2056 1869 2057 1882 '

374 1987 420 2060 et
437 1989 537 2062 sunt
564 1980 687 2067 solita
706 1974 966 2087 perturbare.
996 1973 1226 2060 Eximimus
1254 1978 1446 2086 insuper,
1475 1976 1734 2062 absolvimus
1757 1988 1799 2063 ct
1816 1988 2022 2088 perpetuo

373 2097 601 2185 liberamus
623 2100 883 2210 Advocatos,
917 2093 1044 2179 Oivcs
1073 2105 1118 2178 et
1138 2098 1310 2204 quosvis
1351 2097 1483 2206 ipsius
1519 2096 1701 2179 civitatis
1742 2095 2023 2183 Noousondecz

373 2220 550 2323 incolas,
572 2229 615 2304 ct
635 2218 691 2300 ad
711 2217 847 2325 ipsam
868 2242 945 2296 sen
965 2214 1019 2296 ad
1035 2214 1373 2324 jurisdictionem
1410 2215 1500 2324 ojus
1530 2216 1809 2327 pertinentes,
1833 2218 1886 2299 ab
1910 2213 2023 2300 omni
2102 2227 2105 2233 '

362 2338 660 2450 'jurisdictione
684 2344 725 2417 ct
742 2341 955 2445 potestate
986 2334 1172 2415 omnium
1202 2332 1342 2444 Regni
1364 2332 1530 2446 (nostri)
1553 2332 1900 2439 Castellanorum,
1937 2334 2023 2420 Oa-

373 2460 658 2567 pitaneorum,
679 2452 904 2558 Jurlicum,
927 2451 1207 2561 Subjudicum
1230 2465 1274 2534 ct:
1293 2455 1537 2564 quorumvis
1561 2449 1815 2537 Officialium
1836 2464 1880 2533 et
1900 2454 2022 2538 Mini-

374 2579 615 2680 sterialium,
635 2586 684 2658 ut
706 2597 849 2655 coram
868 2572 970 2683 ipsis
991 2572 1059 2656 vel
1077 2573 1264 2684 ipsorum
1297 2571 1441 2683 aliquo
1472 2598 1547 2682 pro
1570 2574 1707 2656 causis
1740 2583 1827 2655 tam
1856 2575 2023 2685 magnis

375 2726 504 2812 quam
525 2694 667 2806 parvis
688 2689 828 2806 (puta)
850 2688 971 2796 furti,
1006 2692 1244 2804 sanguinis,
1266 2691 1498 2794 homicidii,
1518 2692 1719 2798 incendii,
1740 2690 2021 2777 membrorum

373 2814 667 2917 mutilationis,
704 2822 747 2895 ot
782 2810 1006 2923 quibusvis
1024 2811 1115 2921 alijs
1138 2809 1647 2894 enormibus'excessibus
1685 2814 1821 2911 citati,
1857 2812 2024 2895 minime

373 2935 692 3048 respondebunt
713 2928 824 3040 (sio),
853 2957 933 3012 ucc
955 2928 1120 3040 aliquas
1140 2956 1301 3038 poenas
1323 2928 1487 3012 solvere
1506 2928 1763 3038 tenebuntur
1784 2924 1902 3037 (sie),
1939 2928 2026 3014 Sed

376 3065 543 3141 tantum
565 3051 693 3137 Cives
716 3056 759 3130 et
778 3049 922 3132 Incola
942 3048 1142 3157 predicte·
1156 3048 1338 3131 civitatis
1360 3045 1637 3129 Noooaondecz
1667 3075 1808 3133 coram
1829 3047 1915 3129 suis
1936 3047 2026 3130 Ad·

375 3174 538 3262 vocatis
557 3196 634 3281 pro
655 3179 845 3275 tempore
867 3166 1155 3269 existentibus,
1177 3165 1389 3251 Advocati
1408 3194 1509 3249 vero
1531 3162 1672 3248 ornam
1709 3166 1831 3250 nobis
1854 3172 1928 3249 aut
1948 3192 2024 3251 no·

376 3305 463 3380 atro
485 3288 674 3403 generali
696 3285 923 3397 colloquio,
955 3285 1054 3367 dum
1074 3295 1217 3368 tamen
1239 3315 1314 3398 per
1333 3284 1498 3368 literam
1517 3294 1717 3393 nostram,
1746 3294 1888 3371 nostro
1910 3285 2027 3399 sigil-

375 3413 417 3501 lo
438 3409 668 3521 sigillatam
704 3403 859 3487 fuerint
890 3405 1057 3488 evocati
1088 3414 1131 3486 et
1152 3406 1282 3509 citati,
1301 3414 1418 3516 *tunc
1439 3432 1523 3522 non
1545 3404 1666 3487 aliter
1687 3434 1817 3516 quam
1839 3432 1915 3489 auo
1931 3404 2028 3515 jure

375 3529 643 3619 Theutonico
663 3521 997 3634 Maydburgcnsi
1032 3524 1235 3633 predicto,
1268 3525 1319 3606 dc
1350 3522 1737 3646 aeflu'orulantibus
1774 3521 2029 3610 tenebuntur

373 3647 644 3762 respondere.
691 3644 742 3728 lu
779 3645 917 3724 causis
948 3668 1048 3725 vero
1070 3643 1354 3743 criminalibus
1378 3652 1419 3724 et
1441 3643 1691 3752 capitalibus
1728 3645 1920 3753 superius
1954 3673 2025 3729 ex·

375 3768 578 3887 pressatis
600 3764 832 3849 Advocatio
856 3761 1053 3872 predictis
1074 3762 1116 3842 in
1139 3764 1258 3846 metis
1275 3771 1320 3845 et
1334 3762 1534 3870 graniciis
1558 3764 1667 3845 dicte
1687 3760 1879 3852 Civitatis
1896 3760 2030 3846 Noou-

376 3887 541 3975 suadeor
549 3882 782 3998 judicandi,
804 3879 1107 3985 sentenciandi,
1129 3881 1381 3994 corrigendi,
1403 3882 1615 3991 puniendi,
1638 3882 1848 3991 plectendi
1867 3890 1908 3963 et
1926 3908 2027 3966 con·

380 4005 648 4116 dempnandi,
669 4004 834 4113 plenam
857 4000 1006 4084 damus
1028 4010 1071 4083 ct
1091 4001 1373 4085 omnimodam
1395 4010 1539 4084 tenore
1561 4002 1815 4114 presentium
1832 4001 2031 4084 coneedi-

378 4154 472 4212 mus
493 4124 762 4229 facidtatcm3
783 4129 908 4232 prout
929 4120 1011 4204 hoc
1030 4119 1170 4230 ipsum
1191 4119 1272 4204 dus
1294 4119 1606 4205 Theutonicum
1642 4122 1684 4204 in
1717 4115 1911 4202 omnibus
1943 4120 2032 4202 suis

377 4245 560 4359 punctis,
583 4242 778 4345 articulis,
806 4236 1046 4343 sentenciis
1067 4239 1385 4323 condicionibus
1410 4251 1453 4322 ct
1473 4240 1676 4324 clausulis
1696 4239 1884 4350 postulat
1905 4248 1948 4320 et
1966 4267 2032 4322 re·

381 4365 520 4476 quirit,
553 4362 729 4448 duribus
753 4373 894 4442 tamen
915 4358 1067 4442 nostris
1088 4355 1322 4469 Regalibus
1344 4358 1537 4442 omnibus
1567 4387 1733 4472 semper
1754 4357 1893 4442 salvis.
1939 4356 2032 4442 Ha·

378 4513 486 4589 rum,
538 4481 693 4591 quibus
729 4477 911 4591 sigillum
945 4484 1133 4560 nostrum
1171 4505 1405 4586 appensum
1442 4489 1507 4560 cst
1540 4478 1778 4562 testimonio
1818 4477 2032 4561 literarum
2146 4485 2155 4516 ''
2204 4477 2209 4486 “

380 4603 535 4690 Actum·
576 4595 765 4681 cracovia·
795 4595 896 4678 fcria
934 4596 1083 4705 quinta
1112 4595 1224 4678 intra
1264 4592 1452 4680 Octavas
1494 4593 1809 4708 Assumptionis
1847 4594 2034 4681 Sanctae

380 4719 539 4811 Mariae
562 4716 748 4830 Virginis
770 4716 962 4829 gloriose.
1009 4712 1133 4798 Anno
1152 4714 1325 4798 Domini
1355 4714 1575 4822 Millcsimo
1613 4718 2032 4829 quadringentesimo

383 4839 645 4929 duodecimo.
689 4833 990 4920 Praesentibus
1027 4832 1287 4921 Reverendis
1322 4833 1365 4916 in
1404 4832 1571 4921 Christo
1602 4836 1798 4922 Patribus
1822 4833 2032 4921 Dominis:

359 4960 559 5059 ,Nicoloo
579 4955 915 5067 Archiepiscopo
938 4951 1188 5060 Gnesnonsi,
1222 4952 1398 5041 Alberto
1435 4954 1648 5068 Episcopo
1683 4956 1960 5042 Posnoniensi
1991 4965 2034 5038 et

831 5129 833 5136 .
1770 5091 1831 5154 47*
1919 5096 1922 5101 ’
