5409 6309
1347 800 1709 929 „rso-J

652 1032 927 1143 Ospellanum
966 1025 1231 1111 saecularem
1253 1022 1321 1109 vel
1342 1025 1606 1136 regularem,
1642 1025 1717 1136 qui
1739 1026 1866 1107 'omni
1903 1026 1971 1109 dia
2001 1027 2120 1137 legat
2150 1030 2326 1112 missam

652 1151 948 1257 defunctorum
967 1145 1027 1227 ad
1047 1152 1211 1229 certum
1249 1144 1383 1245 altare
1420 1143 1570 1227 diebus
1606 1142 1851 1228 solennibus
1887 1144 2098 1231 duntaxat
2119 1150 2322 1256 exceptis.
2390 1244 2401 1254 ‚

651 1272 708 1355 st
728 1270 842 1351 circa
862 1265 945 1347 hoc
966 1264 1033 1346 bis
1054 1262 1098 1343 in
1120 1259 1371 1372 Septimaua
1391 1261 1605 1372 qualibet,
1640 1263 1768 1345 etiam
1796 1263 2014 1371 perpetuis
2044 1265 2323 1373 temporibus,
2364 1280 2366 1283 ’

650 1385 850 1471 videlicet
870 1381 1019 1465 Tertia
1040 1390 1084 1463 et
1106 1378 1238 1466 Sexta
1259 1382 1404 1484 Feris,
1441 1379 1625 1492 Vigilias
1661 1381 1829 1465 Novem
1849 1378 2125 1486 Lectionum,
2147 1393 2192 1465 et
2213 1383 2323 1466 duae

649 1505 805 1591 missae
837 1500 1076 1611 specialiter
1113 1497 1409 1586 destructorum
1431 1525 1541 1583 voce
1562 1501 1804 1583 deoautent.
1857 1498 2087 1585 Praeterea
2108 1502 2162 1582 de
2184 1503 2324 1613 gratis
2364 1574 2369 1581 .

649 1632 797 1709 nostra
819 1619 995 1734 speciali
1016 1615 1180 1701 Abbati
1201 1628 1248 1703 et
1266 1617 1507 1703 Conventui
1536 1617 1785 1726 Monastery
1817 1616 2074 1725 Tynciensis
2105 1644 2325 1729 saepeme-

649 1741 823 1827 moratis
845 1737 1114 1876 saepedictas
1137 1732 1403 1821 Advocatias
1432 1738 1664 1841 vendendi,
1687 1736 1874 1820 donandi
1895 1744 1938 1815 et
1953 1736 2253 1825 commutandi
2273 1764 2325 1821 ac

553 1966 558 1975 Ι
648 1889 725 1972 pro
746 1887 825 1942 sua
847 1859 1001 1966 suique
1020 1854 1265 1979 Monastery
1286 1856 1445 1939 utilitat
1428 1864 1470 1935 te
1487 1865 1530 1938 et
1545 1855 1832 1941 melioratione
1854 1854 2174 1964 quomodolibet
2190 1855 2323 1939 libore

650 1976 946 2077 convertendi,
967 1966 1135 2082 plenam
1156 1982 1199 2055 et
1220 1974 1506 2058 omnimodam
1543 1975 1693 2057 damus
1728 1983 1812 2084 pot
1794 1981 2007 2056 t.estatem
2058 1973 2111 2058 In
2141 2000 2322 2085 quorum
2381 2001 2387 2011 ·

651 2099 838 2183 omnium
868 2093 1156 2177 testimonium
1178 2102 1221 2173 et
1241 2093 1499 2177 evidentiam
1518 2101 1756 2203 perpetuae
1774 2092 1986 2175 firmitatis
2006 2117 2211 2202 praesens
2229 2092 2323 2177 Pri

649 2214 855 2325 vilegium
872 2239 952 2297 uos
955 2220 1048 2295 trae
1061 2210 1309 2296 donationis
1341 2210 1502 2295 Abbati
1525 2219 1569 2295 et
1590 2210 1830 2297 Conventui
1864 2211 2061 2294 Fratrum
2081 2211 2184 2294 dicti
2204 2210 2323 2322 Tyn·

538 2388 545 2402 ·
651 2333 805 2419 ciensis
826 2328 1072 2438 Monastery
1094 2328 1184 2413 dari
1203 2327 1381 2414 fecimus
1415 2328 1656 2441 Sigillorum
1692 2339 1931 2415 nostrorum
1952 2329 2182 2445 Regalium
2201 2339 2323 2438 parte
2402 2440 2407 2447 p
2483 2434 2487 2439 1

561 2506 598 2565 .'
652 2480 704 2538 ex
722 2460 903 2562 utraque
924 2474 1219 2558 expressorum
1250 2447 1594 2559 subappensione
1625 2451 1944 2534 communitum.
1997 2448 2155 2533 Actum
2178 2445 2323 2529 Croco-

638 2570 735 2654 ‘viae
755 2571 799 2651 iu
820 2576 975 2653 octava
995 2566 1260 2677 Epiphaniae
1281 2567 1465 2670 Domini,
1486 2568 1569 2652 sub'
1589 2595 1701 2651 anno
1723 2569 1914 2651 eiusdem
1929 2566 2127 2655 uodo.
2137 2565 2322 2651 Lm

618 2691 624 2704 '
650 2685 956 2793 Praesentibus
975 2687 1042 2769 his
1062 2685 1242 2768 testibus
1264 2684 1294 2768 J
1297 2712 1434 2768 oanne
1467 2685 1714 2771 Castellano
1746 2685 2026 2770 Oracoviensi
2042 2685 2112 2800 (⁵,)
2153 2685 2323 2769 «locans

650 2788 895 2891 Decsnoet
917 2803 1189 2889 Cancellario
1226 2803 1544 2909 Cracoviensi,
1558 2804 1790 2889 Predborio
1828 2804 2065 2915 Capitoneo
2102 2803 2323 2905 Ouiaviusf

649 2923 846 3009 Bodnsta
880 2923 1161 3008 Procuratore
1196 2920 1414 3026 (tenneli,
1444 2922 1675 3007 Predborio
1697 2924 1749 3006 de
1773 2921 1920 3008 Brzere
1938 2932 1982 3005 et
2002 2918 2175 3006 Andros
2204 2923 2321 3005 dicto

652 3040 830 3151 Mpszlrc,
854 3070 906 3125 ac
928 3042 1022 3151 alys
1042 3041 1384 3153 quampluribus
1404 3041 1492 3125 fide
1513 3042 1666 3154 dignis
1699 3020 1860 3125 Datum
1880 3070 1957 3151 per
1978 3068 2127 3124 manus
2149 3040 2321 3125 Domini

650 3158 831 3246 loannis
874 3158 1129 3266 Cancellary
1149 3168 1246 3244 nost
1246 3189 1281 3242 ιι
1228 3159 1599 3244 tCracoviensia
1642 3160 1888 3270 supradicti
1942 3158 2157 3271 Scriptum
2179 3169 2323 3241 autam

649 3306 725 3390 per
745 3278 967 3363 Nicolaum
996 3277 1232 3362 Bohemum
1264 3279 1486 3414 Notarium
1517 3278 1671 3365 Ourios
1691 3289 1865 3364 nostrae
1885 3278 2151 3364 Oanorricum
2170 3278 2320 3362 Ecule-

650 3400 740 3481 siae
761 3394 1033 3525 Vislioiensis
1490 3434 1495 3441 ·

757 3686 796 3764 (⁵)
820 3680 970 3748 Joannes
986 3638 1150 3747 dictuslu
1150 3705 1187 3746 rc
1188 3680 1268 3765 ‚qni
1282 3692 1432 3751 mortuus
1447 3694 1498 3751 est
1513 3705 1625 3750 mensa
1632 3680 1835 3750 Decembri
1851 3686 1933 3756 1363
1952 3706 2050 3765 anno,
2066 3683 2200 3750 ubinos
2219 3685 2319 3750 docet

399 3746 408 3880 ἶ
462 3738 466 3744 .
546 3778 549 3784 '
649 3766 948 3867 praeclarissimum
974 3788 1101 3851 opus,
1103 3732 1261 3865 Katilog
1289 3766 1409 3856 bisknp
1411 3771 1464 3834 όιι
1492 3766 1769 3850 Krokowskieh'ss
1798 3734 2065 3837 reverendissimi
2088 3779 2121 3836 st
2135 3766 2319 3905 doctisdml

650 3852 802 3937 episcopi
792 3850 838 3917 J
842 3864 1000 3937 appensis
1016 3850 1176 3918 Ludovici
1189 3793 1409 3934 hetorseitp
1402 3855 1489 3923 cont
1505 3852 1544 3919 Τ.
1558 3854 1616 3936 lv,
1632 3875 1709 3946 pag.
1728 3856 1798 3921 113.
