5409 6309
1027 845 1302 925 ...232-

1074 1244 1266 1371 cxcvi.

415 1505 715 1613 mama
738 1499 1328 1597 naama-casm.
1356 1337 1560 1612 aptus
1583 1505 1732 1596 142³
1748 1519 1913 1594 accc.
2054 1631 2058 1646 Ι

321 1720 633 1803 tinomaus
654 1681 882 1818 sagello,
898 1728 1040 1803 rorone
1052 1746 1125 1817 ux,
1139 1729 1296 1821 pumma
1309 1731 1343 1803 o
1355 1729 1565 1803 murus·
1578 1723 1763 1803 nemun
1783 1718 1870 1803 oco
1883 1723 1992 1803 nnn

630 1831 806 1905 commo
820 1849 944 1924 nmo,
956 1830 1189 1923 cadomo
1202 1843 1273 1921 sto,
1288 1850 1464 1921 uncum,
1479 1830 1636 1907 cumo
1648 1834 1699 1916 (¹).

440 2036 492 2126 In
512 2034 680 2127 nomine
703 2033 859 2126 domini
892 2059 1029 2124 amen.
1060 2035 1130 2125 Ad
1149 2050 1401 2153 perpetuam
1420 2036 1482 2125 rel
1500 2040 1754 2126 memoriam.
1787 2031 1990 2140 Quamvis

222 2214 234 2239 .
342 2155 528 2272 dignitas
548 2152 689 2274 Regia
709 2182 760 2243 ex
778 2168 1002 2270 assumpto
1021 2153 1148 2245 oficio
1168 2156 1358 2270 quodam
1390 2153 1533 2246 debito
1564 2155 1765 2272 singulari
1790 2166 1988 2242 ‘tenuabit

339 2274 602 2371 subditorun
622 2297 793 2364 suorum
818 2276 1040 2364 intendere
1072 2278 1316 2386 commodis,
1348 2275 1515 2363 illorum
1550 2289 1695 2365 tamen
1720 2278 1922 2390 precipua
1942 2304 1988 2360 se

307 2481 308 2486 Ν
338 2395 497 2484 fatetur
515 2397 655 2512 magis
675 2394 925 2483 debitricem
963 2416 1072 2511 quos
1100 2392 1246 2483 mnndi
1280 2395 1417 2483 cernit
1452 2400 1642 2484 deserere
1678 2398 1850 2483 delicias
1871 2407 1914 2480 ct
1933 2396 1990 2480 ad

337 2516 485 2604 laudes
505 2510 727 2604 saluatoris
740 2526 908 2602 mentes
930 2517 1062 2628 digne
1084 2511 1465 2629 contemplacionis
1493 2519 1642 2603 studiis
1661 2516 1839 2603 clevans.
1884 2517 1989 2603 Pro-

336 2629 436 2724 inde
455 2658 533 2725 nos
552 2627 794 2721 Vladislaus
816 2633 885 2720 dei
907 2637 1054 2752 gracia
1073 2634 1165 2724 Rex
1185 2634 1359 2727 Polonic
1380 2660 1459 2721 nec
1479 2660 1565 2725 non
1583 2646 1788 2722 mnarum
1803 2633 2008 2724 Gracco·-

310 2753 314 2760 ’
336 2752 403 2842 via
421 2753 524 2872 (sic)
544 2748 822 2862 bandomina,
844 2751 1019 2860 Siradio,
1047 2752 1264 2860 Lancicie,
1293 2755 1510 2863 Ouiaviaa,
1544 2752 1858 2868 Lithuanieque
1876 2756 1990 2868 prin·

236 2934 245 2945 ·
337 2895 438 2987 ceps
459 2895 694 2987 supremus,
714 2872 973 2979 Pomeranie,
993 2874 1236 2988 Russieque
1273 2873 1467 2961 dominus
1485 2881 1529 2959 et
1543 2875 1677 2980 heras,
1698 2873 1988 2985 significamus

333 3005 481 3081 tenore
507 2996 774 3107 presencium
795 2993 949 3106 quibus
971 2992 1143 3104 expedit
1162 2989 1367 3078 vniuersis
1383 2990 1648 3106 presentibus
1665 3000 1709 3077 et
1722 2991 1872 3076 firmuis
1889 3011 1988 3103 pro-

334 3114 525 3199 sen‘cium
545 3111 746 3199 noticiam
767 3109 988 3217 habituris,
1024 3106 1237 3225 quomodo
1269 3112 1325 3196 ad
1344 3122 1486 3200 nostre
1507 3110 1740 3197 maiestatis
1776 3110 1984 3195 accadens

264 3252 300 3333 ο
335 3231 599 3346 presenciam
617 3228 855 3341 relligiosus
889 3227 1019 3313 frater
1038 3221 1228 3316 nicolaus
1248 3225 1464 3317 Mnisszelr
1498 3229 1715 3318 confessor
1735 3239 1778 3315 ct
1795 3222 1989 3343 predica·

337 3362 405 3439 tor
423 3360 568 3437 noster
585 3341 768 3435 devotus
787 3347 968 3433 dilectus
989 3352 1222 3435 conventus
1255 3352 1501 3436 monasterii
1533 3349 1673 3435 sancti
1708 3349 1857 3437 Crucis
1877 3348 1987 3433 ‘calvi

336 3472 493 3557 montis
501 3466 559 3584 (⁸)
571 3467 726 3556 ordinis
740 3467 878 3552 sa'ncti
893 3464 1115 3553 Benedicti
1124 3470 1355 3579 quamdam
1369 3470 1533 3556 literam
1544 3494 1870 3585 pergamensem
1891 3469 1987 3552 dive

335 3591 533 3676 memorie
570 3586 727 3675 domiui
762 3584 963 3674 Oazimiri
999 3583 1098 3674 olim
1133 3586 1266 3702 Regis
1283 3587 1472 3677 ‘Polonie
1506 3590 1816 3701 predecessoris
1856 3591 1987 3673 nostrl

335 3703 465 3823 ipsius
487 3701 626 3822 sigillo
646 3705 796 3793 minori
816 3707 1057 3821 sigillatam,
1077 3716 1289 3793 vetustata
1308 3712 1393 3794 iam
1416 3719 1721 3821 consumptam,
1743 3708 1988 3817 omnipror·

334 3851 406 3914 sus
426 3828 536 3915 uicio
560 3835 604 3911 ct
623 3828 863 3935 suspicione
885 3836 1109 3933 carentem,
1131 3821 1183 3911 de
1206 3837 1249 3911 et
1269 3855 1397 3940 super
1418 3830 1601 3914 omnium
1619 3821 1830 3913 bonorum
1851 3837 1895 3910 et
1908 3824 1988 3909 uil-

234 4003 238 4014 ·
333 3947 467 4033 larum
486 3939 660 4031 claustri
680 3954 724 4030 et
738 3956 973 4032 conventus
987 3946 1275 4056 predictorum
1294 3947 1570 4036 liberteciono
1585 3956 1631 4031 ct
1644 3947 1913 4057 exempcionc
1930 3943 1987 4030 ab

336 4064 639 4171 exactionibus,
655 4061 958 4171 solucionibus,
980 4063 1383 4174 contribucionibus,
1413 4066 1594 4172 tributis,
1624 4065 1821 4169 collectis,
1843 4063 1983 4178 saepi,

333 4213 491 4288 narrar,
521 4177 714 4296 porodlne
748 4181 977 4296 vmgniter
1026 4179 1262 4269 Crolieetlsoo
1292 4187 1499 4292 cocturis,
1535 4185 1750 4291 ducbrris,
1778 4180 1985 4296 poduadia,

336 4325 549 4416 agrorum,
565 4313 797 4415 pratorum,
813 4305 1016 4389 messium
1036 4301 1147 4417 (sic),
1168 4306 1379 4415 poncium,
1399 4301 1630 4410 laboribus,
1651 4315 1694 4388 et
1714 4304 1769 4389 ab
1788 4299 1984 4387 omnibus

304 4477 309 4486 ›
334 4421 531 4537 angariis,
551 4424 824 4628 preangariis,
843 4419 1049 4509 molestiis
1078 4424 1261 4507 omnium
1304 4416 1448 4536 Regni
1481 4421 1652 4530 Polonie
1684 4417 1985 4525 Palatinorum,

204 4602 207 4607 -
335 4541 668 4646 castellanorum,
729 4541 1033 4653 capitaneorum,
1047 4539 1253 4652 judicum,
1274 4538 1557 4646 subindicum,
1580 4552 1624 4627 et
1644 4541 1886 4653 quorumvis
1908 4533 1985 4622 ofi-

429 4744 479 4825 '(¹l
500 4742 553 4810 Ex
566 4740 915 4842 librcpnonuqcriptc,
926 4741 971 4809 dc
983 4743 1132 4842 qucjam
1147 4761 1247 4830 snpra
1258 4742 1352 4832 legas
1367 4743 1403 4809 in
1417 4742 1629 4812 annotatione
1638 4741 1683 4808 cd
1694 4740 1841 4835 tabulam
1855 4760 1904 4806 m.
1921 4738 1984 4808 CV

402 4877 411 4896 .
424 4826 575 4895 tattoni
585 4836 674 4892 tertu
686 4824 832 4906 Cod1crs,
844 4826 885 4893 ab
897 4825 1115 4895 dlustnssrmo
1130 4824 1243 4895 Leone
1251 4828 1502 4916 Rzysozewscio
1514 4818 1730 4916 apographon
1744 4824 1981 4915 depromptum.

334 4851 433 4984 iiiia
447 4911 500 4981 hic
539 4911 686 5002 rivilcgia
699 4910 843 4979 civitatis
859 4911 1031 5001 Slupensis
1047 4911 1088 4979 ad
1101 4921 1245 4980 montem
1259 4912 1397 4984 Calvum
1411 4914 1505 4995 sitae,
1519 4914 1554 4981 in
1568 4936 1603 4982 ss
1620 4913 1776 4981 continet.

433 4999 479 5081 (²)
554 5008 693 5088 uacca,
710 4996 832 5066 calvus
845 4998 955 5079 Mons,
970 4997 1011 5066 de
1027 5000 1296 5087 quojsmsnpra.
1548 5009 1550 5012 ’
