5409 6309
1039 761 1046 770 ¹
1371 763 1378 778 Ι

1066 831 1318 902 -rr-

91 1141 95 1156 ι
208 1049 214 1060 ’
359 1059 455 1115 eum
475 1028 716 1114 hominibus
738 1025 1012 1136 ascriptioijs,
1033 1026 1192 1111 Labore
1215 1037 1258 1112 et
1278 1028 1493 1111 concana
1514 1033 1758 1138 emnsilva,
1779 1040 1907 1147 agris,
1928 980 2045 1148 pra-x

261 1240 271 1250 ,
357 1152 431 1253 tis,
450 1150 550 1232 lacu
569 1157 614 1229 et
634 1172 787 1254 campo
808 1146 950 1255 ogetri'
968 1143 1080 1257 (sio),
1111 1146 1303 1258 pobedsie
1334 1159 1436 1228 cum
1476 1152 1613 1258 agris,
1635 1151 1765 1255 sibra,
1784 1156 1937 1262 pratis,
1960 1169 2027 1242 ta-

300 1367 307 1374 ,
357 1268 503 1369 berna,
542 1264 788 1350 molendino
812 1272 855 1344 et
875 1263 1055 1373 stagnis,
1119 1262 1303 1373 Spitcary'
1343 1279 1442 1345 oum
1482 1264 1722 1349 hominibus
1764 1274 2026 1384 ascripticijs,
2149 1269 2155 1274 ’
2193 1271 2202 1289 ’

360 1381 627 1469 Cbrcnstonc‘o·
639 1408 736 1463 cum
758 1382 885 1490 agn's,
905 1382 1050 1489 pratis,
1070 1380 1263 1483 taberna,
1279 1381 1519 1466 molendino
1539 1394 1582 1464 et
1596 1386 1722 1487 silua,
1740 1385 1906 1470 Kionoro
1929 1420 2026 1475 eum

360 1502 475 1613 agris
486 1561 495 1604 ,
515 1500 668 1610 pratis,
690 1497 889 1600 taberna,
913 1507 957 1579 et
977 1497 1095 1604 silua,
1113 1497 1445 1605 Loscepow'eum
1463 1493 1595 1610 agris,
1616 1503 1750 1610 pratis
1773 1513 1816 1586 et
1835 1506 2027 1615 taberna,

361 1618 487 1703 saroa
510 1645 609 1698 cum
630 1616 757 1726 agris,
778 1617 910 1722 pratis
921 1618 1148 1719 ,-taberna,
1170 1623 1213 1695 et
1233 1616 1492 1719 molendino,
1513 1615 1753 1700 Kameccicc
1775 1650 1874 1704 eum
1893 1628 2023 1735 agris,

357 1737 501 1849 pratis,
521 1733 702 1816 taberna
725 1743 768 1814 et
787 1733 1037 1834 molendino,
1057 1730 1256 1814 Pob'stras
1273 1759 1369 1813 eum
1388 1736 1515 1845 agris,
1532 1737 1678 1843 pratis,
1700 1737 1807 1839 silua
1829 1748 1872 1819 et
1892 1745 2027 1824 omni-

357 1855 440 1939 bus
461 1849 728 1952 utilitatibus,
754 1847 960 1934 Focimccb
981 1877 1079 1931 eum
1092 1845 1295 1954 taberna,
1316 1849 1443 1954 silua,
1465 1856 1604 1963 agris,
1624 1847 1757 1964 pratis
1783 1866 1825 1938 et
1845 1867 2027 1970 utroque

142 1973 149 1984 ‘
257 2013 262 2030 «
356 1972 496 2056 littore
518 1969 649 2078 Vysle
669 1966 891 2069 Kczoncein
913 1995 1010 2049 eum
1031 1970 1147 2078 agris
1168 1965 1370 2073 tabernis,
1392 1969 1500 2052 silua
1519 1981 1564 2052 et
1582 1973 1736 2081 pratis,
1758 1972 1906 2060 Rokow
1928 2004 2029 2061 cunr

349 2091 473 2201 agris
494 2079 674 2170 taberna
694 2084 811 2188 silua,
830 2086 963 2193 pratis
987 2094 1030 2169 et
1041 2094 1231 2197 utroque
1252 2086 1390 2171 littore
1411 2087 1529 2199 flunij
1553 2085 1705 2195 Scaue,
1735 2091 1909 2172 Machor
1930 2122 2027 2178 eum

357 2210 549 2310 taberna,
569 2205 705 2315 agris,
724 2203 878 2311 pratis,
900 2204 1010 2286 silua
1029 2214 1073 2285 et
1093 2213 1274 2314 utroque
1315 2204 1458 2289 littore
1477 2193 1631 2291 Seaue.
1695 2202 1907 2292 Grodiscze
1928 2238 2027 2298 eum
2110 2269 2119 2286 .
2253 2254 2256 2262 Δ

295 2399 300 2404 .
359 2328 487 2438 agris,
508 2326 653 2432 pratia,
673 2322 859 2403 taberna
875 2331 919 2403 et
940 2321 1058 2405 silua.
1114 2320 1410 2405 Grodecz'eum
1431 2325 1567 2433 agris,
1587 2323 1799 2428 tabernis,
1820 2327 2026 2410 molendi.

358 2445 442 2546 nis,
477 2444 604 2545 silua,
625 2451 668 2523 et
688 2441 834 2548 pratis.
898 2442 1017 2522 Mons
1053 2438 1186 2522 suncti
1217 2437 1429 2524 Benedicti
1448 2449 1492 2523 et
1511 2439 1668 2527 Plozow
1685 2453 1800 2525 ‘cum
1836 2446 2026 2551 taberna,

356 2561 509 2670 pratis,
530 2560 637 2640 silua
657 2570 701 2638 et
720 2559 899 2668 stagnis,
961 2543 1160 2668 Fregerat
1179 2583 1276 2640 oum
1306 2559 1550 2668 hominibus
1587 2560 1842 2670 ascriptieijs
1866 2572 1909 2643 et
1928 2559 2026 2645 erun
2174 2617 2182 2634 .

357 2679 486 2764 Visla.
519 2673 670 2759 Beleni
687 2704 785 2759 eum
806 2675 1005 2774 taberna,
1029 2676 1164 2787 agris,
1186 2678 1339 2790 pratis,
1362 2677 1468 2761 silua
1490 2685 1533 2759 et
1548 2677 1700 2778 >Wisla.
1743 2674 2027 2763 Crattlcor'oiczc

357 2827 454 2880 oum
470 2795 729 2892 hominibus,
752 2794 1014 2904 ascripti'eijs.
1037 2793 1155 2902 Aput
1164 2794 1263 2906 (sie)
1281 2786 1458 2906 Sicinaco
1476 2795 1680 2907 sarthago
1696 2823 1777 2903 ,pro
1794 2798 1881 2906 sale
1899 2797 2028 2882 deco-

358 2907 528 3026 quendo
551 2912 596 2994 et
614 2922 781 3022 pratum
801 2912 976 2994 ibidem.
1001 2909 1199 3009 demin,
1246 2912 1392 2992 Vetrno
1409 2937 1512 3023 porc
1542 2942 1569 2994 a
1589 2915 1698 3022 wlgo
1737 2913 1853 2993 dicte
1870 2915 1916 2992 in
1936 2914 2061 2996 Lu-'

264 3033 283 3088 ἶ
356 3030 494 3116 blensi
530 3028 749 3137 provincia
784 3053 881 3109 cum
917 3019 1009 3135 alijs
1048 3026 1344 3135 adjacentibus
1380 3027 1690 3114 hereditatibus
1724 3051 1820 3110 eum
1846 3023 2025 3138 'Wopsc‘ra

356 3147 549 3244 Reciczc,
589 3140 760 3254 Crcmpa
780 3154 824 3224 et
845 3141 1038 3226 Jooorecz
1069 3145 1186 3257 (cum
1207 3143 1408 3255 utroque)
1429 3143 1571 3228 littore
1590 3143 1770 3227 Visleet
1789 3174 1887 3227 oum
1909 3148 2028 3229 olau-
2170 3249 2173 3258 .

356 3265 465 3352 suris
487 3259 543 3345 ad
561 3261 836 3372 piscandum,
879 3290 975 3345 cum
998 3260 1237 3345 castoribus
1260 3271 1422 3346 etcum
1444 3265 1622 3376 stagnis:
1656 3262 1816 3345 Jocsici
1833 3289 1930 3380 cum
1950 3265 2029 3346 ho-

356 3382 543 3467 minibus
563 3379 826 3488 ascripticijs,
849 3406 946 3461 eum
968 3382 1097 3488 agris,
1118 3377 1321 3484 tabernis,
1342 3381 1451 3464 silua
1472 3391 1516 3464 et
1534 3380 1639 3466 foro
1700 3379 1761 3465 Ut
1781 3390 1924 3468 autem
1946 3381 2027 3464 hee
2079 3441 2083 3447 -
2139 3449 2146 3458 .

336 3511 501 3585 'nostra
539 3493 716 3582 donacio
740 3508 782 3578 et
803 3497 1072 3581 confirmacio
1096 3498 1210 3614 apud
1230 3507 1425 3611 posteros
1445 3499 1575 3582 robur
1597 3498 1789 3581 obtineat
1822 3509 2027 3606 perpetue

356 3617 582 3720 firmitatis,
600 3625 842 3724 presentem
860 3616 1066 3724 paginam
1087 3616 1143 3698 ad
1157 3625 1415 3724 ‚perpetuam
1436 3617 1683 3716 memoriam
1697 3613 1877 3700 fecimus
1894 3617 2028 3700 nostri

293 3765 296 3770 ’
357 3733 485 3846 sigilli
502 3733 732 3818 munimine
751 3732 953 3841 roborarj.
1003 3729 1162 3845 siquis
1183 3757 1286 3828 vero
1320 3743 1560 3817 nostrorum
1597 3761 1895 3818 suceessorum
1915 3734 2028 3816 hane

357 3870 502 3938 nostre
543 3852 791 3937 donacionis
825 3853 1033 3962 paginam
1054 3878 1163 3935 ausu
1183 3852 1407 3936 temerario
1428 3855 1736 3962 presumpserit
1755 3851 1932 3956 violare,
1955 3861 2030 3934 aut

359 3973 397 4053 ei
417 3973 462 4053 in
484 3971 624 4081 aliquo
647 3969 877 4070 contraire,
897 3973 942 4050 in
962 3971 1117 4053 nostris
1140 3970 1304 4052 delictis
1326 3978 1370 4050 et
1391 3970 1647 4074 commissis,
1663 3998 1740 4080 pro
1763 3985 1944 4082 quorum
1963 3971 2029 4052 in-

360 4087 586 4198 dulgencia
607 4088 687 4169 heo
708 4085 886 4168 fecimus
909 4097 1009 4168 ante
1031 4088 1269 4170 districtum
1281 4088 1474 4196 judicem
1496 4115 1593 4171 reus
1614 4097 1823 4172 teneatur.
1870 4087 2029 4170 Actum

358 4201 591 4313 publioe‘in
616 4201 775 4287 Corczin
806 4230 916 4288 anno
934 4205 1258 4288 'incarnacionis
1282 4206 1444 4288 domini
1463 4207 1595 4289 nostri
1629 4205 1850 4289 millesimo
1869 4207 2029 4313 dupen-
2108 4209 2116 4218 '

200 4325 208 4342 '
310 4337 319 4352 '
357 4323 531 4405 tessimo
573 4322 929 4432 quinquagesimo
957 4425 959 4430 ,
983 4331 1115 4405 sexto.
1177 4322 1454 4407 Presentibus
1481 4322 1577 4431 ‘hijs
1619 4315 1821 4423 testibus,
1874 4324 2028 4405 comite

357 4439 499 4524 Adam
535 4438 778 4523 Castellano
817 4437 1111 4542 Cracoviensi,
1148 4439 1314 4524 Comite
1342 4440 1519 4524 Nicolao
1541 4443 1728 4550 palatino
1751 4440 2027 4549 cracoviensi,

360 4558 531 4642 domino
553 4555 720 4640 fulcone
742 4557 992 4648 cancellario
1014 4565 1179 4661 nostro,
1202 4554 1369 4640 Comite
1400 4557 1618 4668 Boguslao
1650 4557 1894 4644 Castellano
1918 4554 2029 4640 San·

360 4674 620 4780 domitiensi,
642 4672 808 4757 Comite
820 4674 1008 4784 ,Bogusa
1029 4674 1257 4757 castellano
1274 4674 1520 4780 vislioiensi,
1538 4675 1704 4761 Gemite
1721 4669 1932 4785 Woyslao¹
1943 4675 2029 4761 Oa·

358 4793 535 4877 stellano
559 4790 903 4902 de'Malogosoz,
925 4793 1079 4875 comite
1100 4790 1319 4876 Dobeslao
1341 4794 1571 4878 castellano
1595 4796 1649 4879 de
1670 4795 1934 4897 Zawiehost,
1955 4822 2029 4879 co·
2124 4809 2127 4814 ⁴
