5409 6309
1381 800 1780 873 -tlt-2

697 1001 851 1085 nimine
870 1000 1071 1109 roborarj.
1116 999 1298 1084 Proinde
1318 1002 1407 1087 Nos
1428 1000 1649 1088 dohannes
1678 1001 1877 1087 Albcrtus
1898 1003 1965 1089 dei
1987 1003 2132 1116 gracia
2152 1000 2246 1087 Rex
2264 1003 2347 1089 Po·

697 1120 808 1207 lonie
829 1118 1059 1230 Supremas
1078 1118 1178 1203 Dux
1197 1119 1460 1229 Lythwanie,
1480 1122 1646 1226 Russie,
1668 1122 1848 1227 Prussie,
1882 1151 1933 1207 ac
1955 1121 2194 1210 Oulmensis.
2211 1133 2255 1207 et
2275 1123 2348 1208 El·

698 1240 929 1352 bingensis,
950 1240 1283 1352 Pomeranieque
1322 1242 1513 1325 dominus
1537 1257 1579 1325 et
1599 1242 1721 1326 heres
1745 1253 1824 1327 etc.
1864 1241 2163 1355 Significamus
2199 1252 2376 1326 tenore·

697 1362 974 1470 presencium,
1012 1357 1167 1466 quibus
1189 1359 1371 1468 expedit,
1399 1363 1602 1446 universis
1639 1360 1902 1470 presentibus
1938 1373 1982 1445 et
2014 1361 2165 1445 futuris
2200 1362 2349 1446 harum

698 1480 896 1562 noticiam
917 1478 1135 1563 habituris.
1168 1473 1358 1576 Qualiter
1377 1482 1540 1589 providi
1576 1480 1702 1566 Cives
1737 1482 1869 1566 nostri
1904 1479 1958 1564 de
1994 1480 2211 1591 Stobnpczo
2250 1508 2348 1591 pro·

700 1600 829 1683 ducto
850 1625 992 1681 coram
1012 1597 1133 1682 nobis
1154 1598 1341 1704 ipsorum
1378 1599 1488 1683 civili
1517 1600 1750 1713 privilegio,
1785 1602 2007 1712 pecierunt
2043 1600 2144 1683 illud
2178 1610 2350 1710 propter

597 1701 610 1728 ⁰
697 1718 925 1804 fracturam
946 1715 1092 1828 Sigilli,
1123 1729 1253 1827 quam
1273 1719 1438 1801 realiter
1457 1719 1638 1802 vidimus
1675 1748 1778 1803 casu
1807 1719 2071 1803 commissam
2092 1746 2167 1831 per
2187 1721 2348 1804 nos‘in·
2384 1722 2387 1728 ‘

698 1838 859 1948 novarj.
891 1836 1023 1947 cujus
1044 1837 1235 1948 sequitur
1250 1837 1556 1951 tenor—(Huc
1571 1838 1745 1949 sequitur
1767 1836 1901 1921 tabula
1923 1834 2107 1921 Corimirr‘
2123 1837 2350 1950 mopnijam

591 2017 596 2028 .
695 1987 791 2072 pap.
815 1959 899 2041 277
921 1967 958 2035 'et
976 1981 1081 2066 seqq.
1115 1954 1229 2037 I'omi
1245 1957 1374 2065 hujus,
1396 1959 1499 2070 typis
1519 1958 1716 2059 mndata,
1739 1958 1844 2070 conf.
1866 1957 1920 2041 N.
1945 1955 2216 2063 CXXXIII).

802 2076 958 2187 Itaque
997 2101 1074 2157 nos
1105 2074 1387 2185 peticionibus
1429 2078 1583 2159 civium
1624 2078 1851 2163 eorundem
1886 2077 2074 2160 inclinati
2110 2078 2350 2181 existentes,

700 2198 922 2311 presertim
942 2223 1038 2278 cum
1060 2220 1335 2299 cerneremus,
1372 2195 1635 2308 privilegium
1672 2196 2005 2308 suprascriptum
2047 2222 2189 2279 coram
2228 2193 2351 2281 nobis

702 2303 960 2430 originaliter
993 2313 1246 2423 productum
1266 2314 1311 2397 in
1330 2324 1421 2398 toto
1443 2316 1510 2398 sui
1529 2324 1674 2401 tenore
1714 2316 1845 2400 fuisse
1876 2317 2062 2430 legitime
2097 2324 2350 2411 emanatum,

705 2440 796 2549 effus
816 2461 915 2520 vero
937 2432 1122 2544 sigillum
1143 2460 1249 2516 casu
1268 2433 1455 2545 quodam
1474 2431 1644 2518 fortuito
1676 2436 1732 2521 ab
1766 2435 1836 2522 illo
1855 2447 1996 2520 rutum
2018 2431 2117 2549 (sic)
2138 2461 2243 2538 esse,
2279 2433 2354 2518 de··

703 2557 910 2641 crevimus
929 2554 1210 2662 preinsertum
1231 2553 1327 2638 olim
1347 2552 1550 2638 Karimiri
1585 2554 1717 2666 Regis
1751 2555 2031 2668 privilegium,
2059 2554 2120 2638 eis
2149 2556 2353 2638 innovan-

703 2675 802 2759 dum
825 2683 869 2756 et
888 2674 1139 2756 innovamus
1170 2669 1451 2783 presentibus.
1512 2671 1638 2773 Quod
1659 2676 1832 2786 quidem
1865 2675 1910 2757 in
1945 2683 2036 2761 toto
2071 2673 2159 2782 ejus
2194 2685 2352 2776 tenore,

703 2793 982 2902 omnibusque
1005 2790 1094 2900 ejus
1115 2791 1314 2875 clausulis
1336 2802 1380 2874 et
1399 2793 1583 2876 articulis
1605 2794 1900 2906 suprascriptis
1922 2793 2216 2879 confirmamus
2250 2819 2348 2899 per·

667 2945 670 2952 ¹
701 2921 830 3024 petuo
853 2909 1112 3032 duraturum,
1155 2909 1207 2994 ln
1228 2910 1346 3020 cujus
1367 2911 1429 2994 rei
1447 2914 1745 3019 testimonium,
1766 2913 1948 3023 sigillum
1969 2921 2157 2998 nostrum
2176 2937 2349 3020 presen-

700 3033 814 3121 tibus
838 3045 902 3114 est
922 3027 1250 3138 subappensum.
1312 3030 1469 3115 Actum
1493 3027 1678 3115 Cracovr'c
1716 3033 1824 3118 feria
1845 3041 1998 3141 quarta
2031 3031 2220 3142 proxima
2254 3038 2353 3138 post

702 3153 857 3238 festum
879 3148 1039 3234 Sancte
1061 3146 1238 3258 Zophie.
1269 3148 1393 3235 Anno
1416 3150 1571 3236 domini
1591 3151 1810 3237 millesimo
1841 3150 2257 3262 quadringentesimo
2278 3173 2352 3233 no·

702 3304 732 3358 n
793 3271 921 3354 esimo
944 3277 1109 3352 octavo.
1140 3267 1412 3353 Presentibus
1432 3270 1588 3354 ibidem
1607 3270 1984 3382 Reuerendissimis
2021 3282 2079 3373 et,
2094 3267 2351 3355 Reuerendis

702 3395 746 3477 in
805 3391 934 3492 hristo
953 3387 1144 3497 patribus
1167 3388 1356 3496 dominis,
1377 3388 1615 3501 magnificis
1637 3399 1681 3471 et
1697 3392 1924 3505 generosis,
1944 3389 2225 3475 illustrissimo
2240 3386 2352 3495 prin-

706 3513 801 3622 cipe
823 3509 989 3594 domino
1010 3504 1234 3590 Frederico
1255 3509 1532 3593 miseracione
1553 3510 1694 3593 divina
1714 3520 1981 3594 sacrosancte
2009 3538 2180 3596 romane
2216 3505 2353 3589 eccle·

705 3632 766 3715 sie
787 3628 1035 3738 presbytero
1058 3624 1273 3710 Cardinali
1292 3626 1623 3740 Archiepisoopo
1647 3625 1889 3716 Gneznensi
1910 3633 2160 3742 ettprimat'c,
2187 3637 2230 3709 et
2249 3624 2351 3734 Epi·
2420 3691 2425 3696 .

660 3785 668 3806 ³
704 3774 835 3857 scopo
858 3743 1141 3848 Cracoviensi,
1161 3743 1332 3828 Andrea
1351 3747 1466 3829 Rozo
1493 3747 1826 3861 Archiepiscopo
1861 3748 2141 3861 Leopoliensi,
2177 3745 2349 3833 Orcslao

650 3891 653 3896 ·
708 3867 923 3978 Episcopo
945 3861 1288 3947 Wladislauiensi
1308 3874 1352 3947 et
1368 3864 1629 3952 Oanoellario
1651 3868 1790 3981 Regni
1811 3873 1954 3976 nostri,
1974 3868 2173 3954 dohanne
2195 3865 2245 3949 de
2267 3863 2353 3946 Lu-

705 3986 846 4069 drcacr
877 3982 1139 4066 decretorum
1178 3983 1350 4067 doctore
1386 3987 1690 4096 posnaniensis,
1724 3999 1766 4070 et
1785 3986 2015 4073 Vincencio
2054 3990 2108 4072 de
2142 3982 2351 4072 Praercmd

734 4102 914 4190 locensis
935 4099 1290 4186 Vicecancellario
1311 4104 1454 4216 Regni
1473 4105 1605 4190 nostri
1636 4107 1797 4191 illectis
1834 4106 2119 4212 ecclesiarum,
2155 4103 2353 4210 Iohanne

705 4134 836 4309 lmor
856 4222 908 4305 de
926 4222 1119 4305 Tbomoro
1137 4221 1375 4308 Castellano
1394 4223 1677 4332 Oracoviensi,
1695 4225 1944 4338 Spythkone
1962 4228 2014 4312 de
2027 4223 2228 4311 Jorosloso
2246 4222 2352 4310 Ora·¹

706 4343 902 4431 eoviensi.
933 4337 1107 4425 Nicolao
1130 4342 1181 4423 de
1205 4340 1356 4425 Ostrow
1380 4335 1720 4452 Sandomirien‘si,
1750 4345 1947 4431 «iohanne
1977 4348 2026 4429 de
2050 4346 2243 4431 Tlomow
2264 4337 2353 4425 Lu-

707 4462 886 4549 blinensi
905 4459 1127 4576 pallatinis,
1147 4458 1348 4545 Iohanne
1368 4464 1419 4545 de
1442 4462 1629 4579 Ostrorop
1657 4466 1936 4574 posnaniensi,
1972 4477 2091 4577 petro
2128 4459 2352 4548 Sandomi-

708 4585 833 4666 riensi
852 4579 1030 4666 Nicolao
1053 4577 1292 4686 Siradiensi,
1310 4581 1363 4663 de
1388 4577 1639 4695 Carosuonly
1660 4584 1787 4670 Petro
1808 4582 2079 4696 Myskousky
2110 4581 2353 4668 Sandecen·

712 4703 750 4784 si
769 4700 1030 4803 Castellanis,
1062 4708 1106 4781 et
1124 4697 1250 4810 Petro
1271 4697 1446 4810 Kmytlzc
1478 4702 1530 4784 de
1566 4700 1784 4815 Vyssnycze
1817 4703 2083 4789 Marschalco
2119 4700 2260 4814 Regni
2278 4723 2356 4782 no·

710 4821 785 4905 stri
807 4818 1128 4926 Oapitsneoque
1150 4816 1432 4929 Scepusiensi,
1455 4821 1631 4932 alijsque
1653 4851 1781 4935 quam
1811 4821 2000 4933 pluribus
2037 4820 2291 4932 Consiliarijs
2313 4821 2356 4906 et

712 4935 985 5029 Curiensibus
1005 4937 1158 5020 nostris
1180 4940 1235 5021 ad
1255 4943 1463 5048 premissa
1480 4939 1659 5029 testibus
1695 4945 1854 5026 sincere
1891 4951 1935 5028 et
1951 4942 2144 5029 fidelibus
2181 4939 2353 5026 dilectis.
