<?xml version="1.0" encoding="UTF-8"?>
<!DOCTYPE html PUBLIC "-//W3C//DTD XHTML 1.0 Transitional//EN"
    "http://www.w3.org/TR/xhtml1/DTD/xhtml1-transitional.dtd">
<html xmlns="http://www.w3.org/1999/xhtml" xml:lang="en" lang="en">
 <head>
  <title>
</title>
<meta http-equiv="Content-Type" content="text/html;charset=utf-8" />
  <meta name='ocr-system' content='tesseract 3.04.00' />
  <meta name='ocr-capabilities' content='ocr_page ocr_carea ocr_par ocr_line ocrx_word'/>
</head>
<body>
  <div class='ocr_page' id='page_1' title='image "./codexdiplomatic00bobogoog_0362.png"; bbox 0 0 5409 6309; ppageno 0'>
   <div class='ocr_carea' id='block_1_1' title="bbox 1392 748 1683 832">
    <p class='ocr_par' dir='ltr' id='par_1_1' title="bbox 1392 748 1683 832">
     <span class='ocr_line' id='line_1_1' title="bbox 1392 748 1683 832; baseline 0.021 -27"><span class='ocrx_word' id='word_1_1' title='bbox 1392 748 1683 832; x_wconf 48' lang='lat' dir='ltr'>...qm-</span> 
     </span>
    </p>
   </div>
   <div class='ocr_carea' id='block_1_2' title="bbox 1211 1144 1810 1233">
    <p class='ocr_par' dir='ltr' id='par_1_2' title="bbox 1211 1144 1810 1233">
     <span class='ocr_line' id='line_1_2' title="bbox 1211 1144 1810 1233; baseline 0.005 -31"><span class='ocrx_word' id='word_1_2' title='bbox 1211 1193 1213 1195; x_wconf 88' lang='lat'>.</span> <span class='ocrx_word' id='word_1_3' title='bbox 1279 1144 1678 1233; x_wconf 61' lang='lat' dir='ltr'>sanctovito-lm</span> <span class='ocrx_word' id='word_1_4' title='bbox 1695 1162 1810 1205; x_wconf 69' lang='lat' dir='ltr'>uuo·</span> 
     </span>
    </p>
   </div>
   <div class='ocr_carea' id='block_1_3' title="bbox 644 1324 2365 1671">
    <p class='ocr_par' dir='ltr' id='par_1_3' title="bbox 718 1324 2365 1587">
     <span class='ocr_line' id='line_1_3' title="bbox 824 1324 2365 1415; baseline 0 -20"><span class='ocrx_word' id='word_1_5' title='bbox 824 1325 937 1410; x_wconf 83' lang='lat' dir='ltr'>(Aliud</span> <span class='ocrx_word' id='word_1_6' title='bbox 951 1336 1001 1393; x_wconf 87' lang='lat' dir='ltr'>est</span> <span class='ocrx_word' id='word_1_7' title='bbox 1017 1327 1233 1415; x_wconf 78' lang='lat' dir='ltr'><strong>apographon</strong></span> <span class='ocrx_word' id='word_1_8' title='bbox 1273 1327 1422 1415; x_wconf 82' lang='lat' dir='ltr'>rivilegii,</span> <span class='ocrx_word' id='word_1_9' title='bbox 1443 1331 1507 1413; x_wconf 82' lang='lat' dir='ltr'>jorn</span> <span class='ocrx_word' id='word_1_10' title='bbox 1530 1352 1550 1392; x_wconf 76' lang='lat' dir='ltr'>a</span> <span class='ocrx_word' id='word_1_11' title='bbox 1564 1325 1657 1394; x_wconf 90' lang='lat' dir='ltr'>nobis</span> <span class='ocrx_word' id='word_1_12' title='bbox 1678 1325 1769 1414; x_wconf 84' lang='lat' dir='ltr'>typis</span> <span class='ocrx_word' id='word_1_13' title='bbox 1790 1324 1917 1392; x_wconf 77' lang='lat' dir='ltr'>exarati</span> <span class='ocrx_word' id='word_1_14' title='bbox 1938 1348 2046 1414; x_wconf 78' lang='lat' dir='ltr'>supro,</span> <span class='ocrx_word' id='word_1_15' title='bbox 2069 1327 2102 1392; x_wconf 90' lang='lat' dir='ltr'>in</span> <span class='ocrx_word' id='word_1_16' title='bbox 2125 1324 2249 1394; x_wconf 80' lang='lat' dir='ltr'>Codice</span> <span class='ocrx_word' id='word_1_17' title='bbox 2271 1325 2365 1415; x_wconf 79' lang='lat' dir='ltr'>hujus</span> 
     </span>
     <span class='ocr_line' id='line_1_4' title="bbox 722 1352 2365 1501; baseline -0.001 -21"><span class='ocrx_word' id='word_1_18' title='bbox 722 1411 818 1480; x_wconf 88' lang='lat' dir='ltr'>Tomi</span> <span class='ocrx_word' id='word_1_19' title='bbox 856 1438 909 1501; x_wconf 81' lang='lat' dir='ltr'>og.</span> <span class='ocrx_word' id='word_1_20' title='bbox 924 1414 975 1478; x_wconf 81' lang='lat'>33.</span> <span class='ocrx_word' id='word_1_21' title='bbox 1011 1413 1042 1481; x_wconf 81' lang='lat' dir='ltr'>A</span> <span class='ocrx_word' id='word_1_22' title='bbox 1069 1437 1088 1478; x_wconf 93' lang='lat' dir='ltr'>o</span> <span class='ocrx_word' id='word_1_23' title='bbox 1114 1413 1239 1500; x_wconf 79' lang='lat' dir='ltr'>raphon</span> <span class='ocrx_word' id='word_1_24' title='bbox 1248 1352 1318 1480; x_wconf 69' lang='lat' dir='ltr'>boc</span> <span class='ocrx_word' id='word_1_25' title='bbox 1334 1436 1413 1483; x_wconf 77' lang='lat' dir='ltr'>vero</span> <span class='ocrx_word' id='word_1_26' title='bbox 1429 1412 1585 1480; x_wconf 86' lang='lat' dir='ltr'>lectiones</span> <span class='ocrx_word' id='word_1_27' title='bbox 1613 1412 1776 1477; x_wconf 79' lang='lat' dir='ltr'>variantes</span> <span class='ocrx_word' id='word_1_28' title='bbox 1788 1420 1825 1487; x_wconf 74' lang='lat' dir='ltr'>et</span> <span class='ocrx_word' id='word_1_29' title='bbox 1839 1411 1947 1498; x_wconf 80' lang='lat' dir='ltr'>magni</span> <span class='ocrx_word' id='word_1_30' title='bbox 1969 1412 2067 1477; x_wconf 80' lang='lat' dir='ltr'>etism</span> <span class='ocrx_word' id='word_1_31' title='bbox 2080 1412 2236 1482; x_wconf 82' lang='lat' dir='ltr'><strong>momenti</strong></span> <span class='ocrx_word' id='word_1_32' title='bbox 2254 1410 2365 1497; x_wconf 57' lang='lat' dir='ltr'>haben</span> 
     </span>
     <span class='ocr_line' id='line_1_5' title="bbox 718 1437 2365 1587; baseline 0.001 -23"><span class='ocrx_word' id='word_1_33' title='bbox 718 1499 802 1565; x_wconf 82' lang='lat' dir='ltr'>hono</span> <span class='ocrx_word' id='word_1_34' title='bbox 819 1439 861 1566; x_wconf 68' lang='lat' dir='ltr'>oi)</span> <span class='ocrx_word' id='word_1_35' title='bbox 876 1521 1008 1565; x_wconf 81' lang='lat' dir='ltr'>causam</span> <span class='ocrx_word' id='word_1_36' title='bbox 1023 1437 1067 1563; x_wconf 80' lang='lat' dir='ltr'>ili</span> <span class='ocrx_word' id='word_1_37' title='bbox 1115 1496 1269 1565; x_wconf 88' lang='lat' dir='ltr'>hocloco</span> <span class='ocrx_word' id='word_1_38' title='bbox 1285 1498 1468 1586; x_wconf 81' lang='lat' dir='ltr'>repetimus.</span> <span class='ocrx_word' id='word_1_39' title='bbox 1505 1494 1693 1565; x_wconf 75' lang='lat' dir='ltr'>omittimus</span> <span class='ocrx_word' id='word_1_40' title='bbox 1722 1492 1859 1574; x_wconf 85' lang='lat' dir='ltr'>initium,</span> <span class='ocrx_word' id='word_1_41' title='bbox 1887 1494 1975 1581; x_wconf 89' lang='lat' dir='ltr'>quod</span> <span class='ocrx_word' id='word_1_42' title='bbox 1989 1495 2095 1563; x_wconf 79' lang='lat' dir='ltr'>lector</span> <span class='ocrx_word' id='word_1_43' title='bbox 2108 1498 2251 1565; x_wconf 83' lang='lat' dir='ltr'>invenire</span> <span class='ocrx_word' id='word_1_44' title='bbox 2266 1520 2365 1587; x_wconf 68' lang='lat' dir='ltr'>supra</span> 
     </span>
    </p>

    <p class='ocr_par' dir='ltr' id='par_1_4' title="bbox 644 1583 1525 1671">
     <span class='ocr_line' id='line_1_6' title="bbox 644 1583 1525 1671; baseline -0.001 -22"><span class='ocrx_word' id='word_1_45' title='bbox 644 1622 646 1633; x_wconf 43' lang='grc' dir='ltr'>ν</span> <span class='ocrx_word' id='word_1_46' title='bbox 719 1593 831 1671; x_wconf 85' lang='lat' dir='ltr'>potest</span> <span class='ocrx_word' id='word_1_47' title='bbox 844 1583 865 1649; x_wconf 87' lang='lat' dir='ltr'>l.</span> <span class='ocrx_word' id='word_1_48' title='bbox 879 1607 920 1667; x_wconf 87' lang='lat' dir='ltr'>c.,</span> <span class='ocrx_word' id='word_1_49' title='bbox 937 1594 1056 1669; x_wconf 84' lang='lat' dir='ltr'>postea</span> <span class='ocrx_word' id='word_1_50' title='bbox 1069 1606 1147 1649; x_wconf 83' lang='lat' dir='ltr'>vero</span> <span class='ocrx_word' id='word_1_51' title='bbox 1163 1594 1341 1668; x_wconf 87' lang='lat' dir='ltr'>sequuntur</span> <span class='ocrx_word' id='word_1_52' title='bbox 1356 1584 1525 1665; x_wconf 64' lang='lat' dir='ltr'>verbm...)</span> 
     </span>
    </p>
   </div>
   <div class='ocr_carea' id='block_1_4' title="bbox 713 1752 2365 2225">
    <p class='ocr_par' dir='ltr' id='par_1_5' title="bbox 713 1752 2365 2225">
     <span class='ocr_line' id='line_1_7' title="bbox 824 1752 2365 1866; baseline -0.001 -25"><span class='ocrx_word' id='word_1_53' title='bbox 824 1752 1112 1841; x_wconf 68' lang='lat' dir='ltr'>...Occasione</span> <span class='ocrx_word' id='word_1_54' title='bbox 1129 1755 1499 1866; x_wconf 81' lang='lat' dir='ltr'>Jurispatronetus</span> <span class='ocrx_word' id='word_1_55' title='bbox 1521 1759 1610 1843; x_wconf 84' lang='lat' dir='ltr'>sive</span> <span class='ocrx_word' id='word_1_56' title='bbox 1629 1754 1924 1866; x_wconf 83' lang='lat' dir='ltr'>possessionis,</span> <span class='ocrx_word' id='word_1_57' title='bbox 1945 1754 2013 1838; x_wconf 91' lang='lat' dir='ltr'>vel</span> <span class='ocrx_word' id='word_1_58' title='bbox 2033 1755 2156 1863; x_wconf 81' lang='lat' dir='ltr'>quasi</span> <span class='ocrx_word' id='word_1_59' title='bbox 2177 1757 2365 1839; x_wconf 89' lang='lat' dir='ltr'>eiusdem</span> 
     </span>
     <span class='ocr_line' id='line_1_8' title="bbox 719 1874 2365 1991; baseline -0.001 -32"><span class='ocrx_word' id='word_1_60' title='bbox 719 1875 835 1960; x_wconf 83' lang='lat' dir='ltr'>Juris</span> <span class='ocrx_word' id='word_1_61' title='bbox 853 1877 1043 1979; x_wconf 83' lang='lat' dir='ltr'>decimis,</span> <span class='ocrx_word' id='word_1_62' title='bbox 1060 1905 1111 1960; x_wconf 81' lang='lat' dir='ltr'>ex</span> <span class='ocrx_word' id='word_1_63' title='bbox 1125 1877 1232 1960; x_wconf 89' lang='lat' dir='ltr'>villis</span> <span class='ocrx_word' id='word_1_64' title='bbox 1250 1906 1335 1987; x_wconf 92' lang='lat' dir='ltr'>que</span> <span class='ocrx_word' id='word_1_65' title='bbox 1351 1890 1450 1960; x_wconf 91' lang='lat' dir='ltr'>sunt</span> <span class='ocrx_word' id='word_1_66' title='bbox 1465 1878 1562 1958; x_wconf 88' lang='lat' dir='ltr'>sitte</span> <span class='ocrx_word' id='word_1_67' title='bbox 1580 1874 1677 1991; x_wconf 85' lang='lat' dir='ltr'>(sio)</span> <span class='ocrx_word' id='word_1_68' title='bbox 1694 1903 1771 1958; x_wconf 91' lang='lat' dir='ltr'>seu</span> <span class='ocrx_word' id='word_1_69' title='bbox 1784 1874 1923 1959; x_wconf 84' lang='lat' dir='ltr'>locate</span> <span class='ocrx_word' id='word_1_70' title='bbox 1940 1884 1983 1958; x_wconf 89' lang='lat' dir='ltr'>et</span> <span class='ocrx_word' id='word_1_71' title='bbox 1998 1875 2196 1984; x_wconf 79' lang='lat' dir='ltr'>contigue</span> <span class='ocrx_word' id='word_1_72' title='bbox 2216 1874 2365 1960; x_wconf 83' lang='lat' dir='ltr'>Mona-</span> 
     </span>
     <span class='ocr_line' id='line_1_9' title="bbox 716 1990 2365 2108; baseline 0 -31"><span class='ocrx_word' id='word_1_73' title='bbox 716 1997 844 2080; x_wconf 88' lang='lat' dir='ltr'>sterio</span> <span class='ocrx_word' id='word_1_74' title='bbox 865 1995 1054 2079; x_wconf 87' lang='lat' dir='ltr'>eiusdem</span> <span class='ocrx_word' id='word_1_75' title='bbox 1076 1994 1228 2079; x_wconf 89' lang='lat' dir='ltr'>domini</span> <span class='ocrx_word' id='word_1_76' title='bbox 1245 1995 1449 2099; x_wconf 64' lang='lat' dir='ltr'>Absens,</span> <span class='ocrx_word' id='word_1_77' title='bbox 1471 2021 1647 2108; x_wconf 82' lang='lat' dir='ltr'>quorum</span> <span class='ocrx_word' id='word_1_78' title='bbox 1666 2005 1770 2076; x_wconf 86' lang='lat' dir='ltr'>sunt</span> <span class='ocrx_word' id='word_1_79' title='bbox 1783 1990 1871 2076; x_wconf 84' lang='lat' dir='ltr'>be&#39;o</span> <span class='ocrx_word' id='word_1_80' title='bbox 1888 1992 2072 2078; x_wconf 82' lang='lat' dir='ltr'>nomina:</span> <span class='ocrx_word' id='word_1_81' title='bbox 2107 1990 2241 2103; x_wconf 71' lang='lat' dir='ltr'>Cynico</span> <span class='ocrx_word' id='word_1_82' title='bbox 2263 1996 2365 2079; x_wconf 79' lang='lat' dir='ltr'>alias</span> 
     </span>
     <span class='ocr_line' id='line_1_10' title="bbox 713 2105 2364 2225; baseline 0.001 -29"><span class='ocrx_word' id='word_1_83' title='bbox 713 2112 830 2196; x_wconf 72' lang='lat' dir='ltr'>¹(loro</span> <span class='ocrx_word' id='word_1_84' title='bbox 849 2116 984 2197; x_wconf 82' lang='lat' dir='ltr'>sancti</span> <span class='ocrx_word' id='word_1_85' title='bbox 1004 2105 1231 2219; x_wconf 78' lang='lat' dir='ltr'>Johsnnis‚</span> <span class='ocrx_word' id='word_1_86' title='bbox 1272 2113 1529 2225; x_wconf 72' lang='lat' dir='ltr'>Pobrzootyn,</span> <span class='ocrx_word' id='word_1_87' title='bbox 1551 2112 1827 2225; x_wconf 69' lang='lat' dir='ltr'>Dobropoerc,</span> <span class='ocrx_word' id='word_1_88' title='bbox 1859 2110 2147 2211; x_wconf 76' lang='lat' dir='ltr'>Abramooieze,</span> <span class='ocrx_word' id='word_1_89' title='bbox 2194 2112 2364 2198; x_wconf 65' lang='lat' dir='ltr'>Grues</span> 
     </span>
    </p>
   </div>
   <div class='ocr_carea' id='block_1_5' title="bbox 583 2222 2363 2346">
    <p class='ocr_par' dir='ltr' id='par_1_6' title="bbox 583 2222 2363 2346">
     <span class='ocr_line' id='line_1_11' title="bbox 583 2222 2363 2346; baseline -0.001 -31"><span class='ocrx_word' id='word_1_90' title='bbox 583 2222 585 2231; x_wconf 21' lang='lat' dir='ltr'>i</span> <span class='ocrx_word' id='word_1_91' title='bbox 712 2259 814 2333; x_wconf 73' lang='lat' dir='ltr'>ceos,</span> <span class='ocrx_word' id='word_1_92' title='bbox 840 2232 1033 2335; x_wconf 81' lang='lat' dir='ltr'>Goduszo,</span> <span class='ocrx_word' id='word_1_93' title='bbox 1065 2233 1319 2346; x_wconf 74' lang='lat' dir='ltr'>Podpcrzoup</span> <span class='ocrx_word' id='word_1_94' title='bbox 1355 2244 1397 2316; x_wconf 92' lang='lat' dir='ltr'>et</span> <span class='ocrx_word' id='word_1_95' title='bbox 1427 2233 1637 2342; x_wconf 75' lang='lat' dir='ltr'>Smylcmp,</span> <span class='ocrx_word' id='word_1_96' title='bbox 1671 2243 1714 2315; x_wconf 89' lang='lat' dir='ltr'>et</span> <span class='ocrx_word' id='word_1_97' title='bbox 1745 2230 1940 2333; x_wconf 80' lang='lat' dir='ltr'>omnibus</span> <span class='ocrx_word' id='word_1_98' title='bbox 1967 2230 2057 2339; x_wconf 84' lang='lat' dir='ltr'>nlijs</span> <span class='ocrx_word' id='word_1_99' title='bbox 2077 2232 2133 2313; x_wconf 81' lang='lat' dir='ltr'>sd</span> <span class='ocrx_word' id='word_1_100' title='bbox 2154 2230 2363 2341; x_wconf 82' lang='lat' dir='ltr'>prefatum</span> 
     </span>
    </p>
   </div>
   <div class='ocr_carea' id='block_1_6' title="bbox 713 2350 2365 2940">
    <p class='ocr_par' dir='ltr' id='par_1_7' title="bbox 713 2350 2365 2940">
     <span class='ocr_line' id='line_1_12' title="bbox 716 2350 2365 2462; baseline -0.002 -27"><span class='ocrx_word' id='word_1_101' title='bbox 716 2351 1016 2435; x_wconf 80' lang='lat' dir='ltr'>Monosterium</span> <span class='ocrx_word' id='word_1_102' title='bbox 1046 2352 1366 2462; x_wconf 86' lang='lat' dir='ltr'>pertinentibus.</span> <span class='ocrx_word' id='word_1_103' title='bbox 1429 2351 1680 2456; x_wconf 71' lang='lat' dir='ltr'>statuimus,</span> <span class='ocrx_word' id='word_1_104' title='bbox 1718 2350 2007 2433; x_wconf 80' lang='lat' dir='ltr'>diffinimus‘et</span> <span class='ocrx_word' id='word_1_105' title='bbox 2024 2352 2299 2461; x_wconf 73' lang='lat' dir='ltr'>precipimus,</span> <span class='ocrx_word' id='word_1_106' title='bbox 2319 2362 2365 2433; x_wconf 83' lang='lat' dir='ltr'>ut</span> 
     </span>
     <span class='ocr_line' id='line_1_13' title="bbox 718 2466 2364 2578; baseline 0.001 -25"><span class='ocrx_word' id='word_1_107' title='bbox 718 2470 855 2553; x_wconf 90' lang='lat' dir='ltr'>dictus</span> <span class='ocrx_word' id='word_1_108' title='bbox 873 2470 1027 2556; x_wconf 83' lang='lat' dir='ltr'>Comes</span> <span class='ocrx_word' id='word_1_109' title='bbox 1044 2470 1262 2559; x_wconf 83' lang='lat' dir='ltr'>Sdisluuus</span> <span class='ocrx_word' id='word_1_110' title='bbox 1285 2472 1425 2555; x_wconf 82' lang='lat' dir='ltr'>claves</span> <span class='ocrx_word' id='word_1_111' title='bbox 1444 2483 1486 2553; x_wconf 93' lang='lat' dir='ltr'>et</span> <span class='ocrx_word' id='word_1_112' title='bbox 1502 2466 1759 2554; x_wconf 76' lang='lat' dir='ltr'>ornamenta</span> <span class='ocrx_word' id='word_1_113' title='bbox 1777 2471 1909 2578; x_wconf 89' lang='lat' dir='ltr'>ipsius</span> <span class='ocrx_word' id='word_1_114' title='bbox 1924 2469 2120 2554; x_wconf 85' lang='lat' dir='ltr'>Ecclesie</span> <span class='ocrx_word' id='word_1_115' title='bbox 2140 2472 2231 2554; x_wconf 91' lang='lat' dir='ltr'>sine</span> <span class='ocrx_word' id='word_1_116' title='bbox 2246 2498 2364 2556; x_wconf 85' lang='lat' dir='ltr'>more</span> 
     </span>
     <span class='ocr_line' id='line_1_14' title="bbox 715 2587 2364 2704; baseline 0.001 -34"><span class='ocrx_word' id='word_1_117' title='bbox 715 2590 806 2699; x_wconf 89' lang='lat' dir='ltr'>ipso</span> <span class='ocrx_word' id='word_1_118' title='bbox 839 2590 1006 2674; x_wconf 91' lang='lat' dir='ltr'>domino</span> <span class='ocrx_word' id='word_1_119' title='bbox 1037 2589 1198 2674; x_wconf 77' lang='lat' dir='ltr'>Abbati</span> <span class='ocrx_word' id='word_1_120' title='bbox 1229 2587 1477 2704; x_wconf 78' lang='lat' dir='ltr'>(r)estituet‚</span> <span class='ocrx_word' id='word_1_121' title='bbox 1507 2590 1597 2675; x_wconf 87' lang='lat' dir='ltr'>Nec</span> <span class='ocrx_word' id='word_1_122' title='bbox 1619 2590 1671 2672; x_wconf 89' lang='lat' dir='ltr'>de</span> <span class='ocrx_word' id='word_1_123' title='bbox 1693 2601 1830 2676; x_wconf 87' lang='lat' dir='ltr'>cetero</span> <span class='ocrx_word' id='word_1_124' title='bbox 1852 2617 1926 2697; x_wconf 91' lang='lat' dir='ltr'>per</span> <span class='ocrx_word' id='word_1_125' title='bbox 1948 2616 1993 2671; x_wconf 90' lang='lat' dir='ltr'>se</span> <span class='ocrx_word' id='word_1_126' title='bbox 2014 2591 2081 2674; x_wconf 86' lang='lat' dir='ltr'>vel</span> <span class='ocrx_word' id='word_1_127' title='bbox 2099 2618 2174 2700; x_wconf 89' lang='lat' dir='ltr'>per</span> <span class='ocrx_word' id='word_1_128' title='bbox 2194 2618 2364 2673; x_wconf 88' lang='lat' dir='ltr'>succes·</span> 
     </span>
     <span class='ocr_line' id='line_1_15' title="bbox 713 2707 2364 2819; baseline -0.001 -27"><span class='ocrx_word' id='word_1_129' title='bbox 713 2734 833 2792; x_wconf 89' lang='lat' dir='ltr'>sores</span> <span class='ocrx_word' id='word_1_130' title='bbox 853 2737 966 2811; x_wconf 88' lang='lat' dir='ltr'>suos,</span> <span class='ocrx_word' id='word_1_131' title='bbox 985 2708 1171 2819; x_wconf 85' lang='lat' dir='ltr'>prefatos</span> <span class='ocrx_word' id='word_1_132' title='bbox 1191 2708 1407 2795; x_wconf 83' lang='lat' dir='ltr'>Abbstem</span> <span class='ocrx_word' id='word_1_133' title='bbox 1428 2723 1472 2792; x_wconf 90' lang='lat' dir='ltr'>et</span> <span class='ocrx_word' id='word_1_134' title='bbox 1489 2708 1757 2795; x_wconf 76' lang='lat' dir='ltr'>Conventum</span> <span class='ocrx_word' id='word_1_135' title='bbox 1779 2736 1909 2818; x_wconf 87' lang='lat' dir='ltr'>super</span> <span class='ocrx_word' id='word_1_136' title='bbox 1923 2707 2276 2817; x_wconf 75' lang='lat' dir='ltr'>Jurepatronatus</span> <span class='ocrx_word' id='word_1_137' title='bbox 2296 2709 2364 2792; x_wconf 85' lang='lat' dir='ltr'>vel</span> 
     </span>
     <span class='ocr_line' id='line_1_16' title="bbox 715 2828 2363 2940; baseline 0 -30"><span class='ocrx_word' id='word_1_138' title='bbox 715 2828 887 2911; x_wconf 84' lang='lat' dir='ltr'>decimis</span> <span class='ocrx_word' id='word_1_139' title='bbox 909 2829 1102 2913; x_wconf 79' lang='lat' dir='ltr'>villarum</span> <span class='ocrx_word' id='word_1_140' title='bbox 1136 2856 1265 2940; x_wconf 82' lang='lat' dir='ltr'>supra</span> <span class='ocrx_word' id='word_1_141' title='bbox 1299 2830 1625 2929; x_wconf 74' lang='lat' dir='ltr'>nominatorum,</span> <span class='ocrx_word' id='word_1_142' title='bbox 1655 2828 1723 2911; x_wconf 90' lang='lat' dir='ltr'>vel</span> <span class='ocrx_word' id='word_1_143' title='bbox 1744 2829 1869 2940; x_wconf 84' lang='lat' dir='ltr'>quasi</span> <span class='ocrx_word' id='word_1_144' title='bbox 1904 2828 2057 2937; x_wconf 84' lang='lat' dir='ltr'>ipsius,</span> <span class='ocrx_word' id='word_1_145' title='bbox 2093 2829 2363 2914; x_wconf 68' lang='lat' dir='ltr'>ordinacione</span> 
     </span>
    </p>
   </div>
   <div class='ocr_carea' id='block_1_7' title="bbox 587 2945 2364 3057">
    <p class='ocr_par' dir='ltr' id='par_1_8' title="bbox 587 2945 2364 3057">
     <span class='ocr_line' id='line_1_17' title="bbox 587 2945 2364 3057; baseline 0 -28"><span class='ocrx_word' id='word_1_146' title='bbox 587 3038 591 3057; x_wconf 36' lang='grc' dir='ltr'><strong><em>Ι</em></strong></span> <span class='ocrx_word' id='word_1_147' title='bbox 712 2949 844 3055; x_wconf 86' lang='lat' dir='ltr'>ipsius</span> <span class='ocrx_word' id='word_1_148' title='bbox 880 2946 1072 3031; x_wconf 85' lang='lat' dir='ltr'>Ecclesie</span> <span class='ocrx_word' id='word_1_149' title='bbox 1110 2948 1301 3053; x_wconf 84' lang='lat' dir='ltr'>decimis,</span> <span class='ocrx_word' id='word_1_150' title='bbox 1336 2947 1405 3031; x_wconf 91' lang='lat' dir='ltr'>vel</span> <span class='ocrx_word' id='word_1_151' title='bbox 1440 2946 1566 3031; x_wconf 87' lang='lat' dir='ltr'>rebus</span> <span class='ocrx_word' id='word_1_152' title='bbox 1598 2946 1687 3057; x_wconf 84' lang='lat' dir='ltr'>elijs</span> <span class='ocrx_word' id='word_1_153' title='bbox 1721 2948 1776 3029; x_wconf 87' lang='lat' dir='ltr'>sd</span> <span class='ocrx_word' id='word_1_154' title='bbox 1805 2948 1935 3057; x_wconf 89' lang='lat' dir='ltr'>ipsius</span> <span class='ocrx_word' id='word_1_155' title='bbox 1966 2945 2264 3033; x_wconf 84' lang='lat' dir='ltr'>Monssteriu&#39;m</span> <span class='ocrx_word' id='word_1_156' title='bbox 2285 2960 2364 3030; x_wconf 76' lang='lat' dir='ltr'>sut</span> 
     </span>
    </p>
   </div>
   <div class='ocr_carea' id='block_1_8' title="bbox 710 3066 2365 3893">
    <p class='ocr_par' dir='ltr' id='par_1_9' title="bbox 710 3066 2365 3893">
     <span class='ocr_line' id='line_1_18' title="bbox 713 3066 2365 3177; baseline -0.001 -27"><span class='ocrx_word' id='word_1_157' title='bbox 713 3066 951 3150; x_wconf 81' lang='lat' dir='ltr'>Ecclesiam</span> <span class='ocrx_word' id='word_1_158' title='bbox 985 3067 1069 3151; x_wconf 83' lang='lat' dir='ltr'>iem</span> <span class='ocrx_word' id='word_1_159' title='bbox 1109 3068 1264 3151; x_wconf 82' lang='lat' dir='ltr'>dictam</span> <span class='ocrx_word' id='word_1_160' title='bbox 1299 3067 1627 3176; x_wconf 82' lang='lat' dir='ltr'>pertinentibus,</span> <span class='ocrx_word' id='word_1_161' title='bbox 1657 3067 1877 3152; x_wconf 79' lang='lat' dir='ltr'>molestare</span> <span class='ocrx_word' id='word_1_162' title='bbox 1908 3068 1984 3148; x_wconf 89' lang='lat' dir='ltr'>seu</span> <span class='ocrx_word' id='word_1_163' title='bbox 2012 3067 2248 3174; x_wconf 73' lang='lat' dir='ltr'>inquietare</span> <span class='ocrx_word' id='word_1_164' title='bbox 2269 3095 2365 3177; x_wconf 89' lang='lat' dir='ltr'>pre·</span> 
     </span>
     <span class='ocr_line' id='line_1_19' title="bbox 712 3184 2364 3297; baseline 0 -30"><span class='ocrx_word' id='word_1_165' title='bbox 712 3195 887 3267; x_wconf 78' lang='lat' dir='ltr'>sumat·</span> <span class='ocrx_word' id='word_1_166' title='bbox 916 3184 1121 3271; x_wconf 85' lang='lat' dir='ltr'>Volumus</span> <span class='ocrx_word' id='word_1_167' title='bbox 1152 3196 1292 3271; x_wconf 83' lang='lat' dir='ltr'>autem</span> <span class='ocrx_word' id='word_1_168' title='bbox 1315 3196 1358 3268; x_wconf 89' lang='lat' dir='ltr'>et</span> <span class='ocrx_word' id='word_1_169' title='bbox 1379 3188 1620 3271; x_wconf 82' lang='lat' dir='ltr'>ordinemus</span> <span class='ocrx_word' id='word_1_170' title='bbox 1650 3188 1821 3297; x_wconf 80' lang='lat' dir='ltr'>propter</span> <span class='ocrx_word' id='word_1_171' title='bbox 1851 3184 2014 3270; x_wconf 88' lang='lat' dir='ltr'>bonum</span> <span class='ocrx_word' id='word_1_172' title='bbox 2039 3189 2158 3296; x_wconf 82' lang='lat' dir='ltr'>pacis</span> <span class='ocrx_word' id='word_1_173' title='bbox 2192 3194 2234 3268; x_wconf 90' lang='lat' dir='ltr'>et</span> <span class='ocrx_word' id='word_1_174' title='bbox 2265 3214 2364 3270; x_wconf 71' lang='lat' dir='ltr'>con-</span> 
     </span>
     <span class='ocr_line' id='line_1_20' title="bbox 712 3303 2364 3421; baseline 0.001 -36"><span class='ocrx_word' id='word_1_175' title='bbox 712 3303 872 3408; x_wconf 83' lang='lat' dir='ltr'>cordie,</span> <span class='ocrx_word' id='word_1_176' title='bbox 893 3317 943 3386; x_wconf 93' lang='lat' dir='ltr'>ut</span> <span class='ocrx_word' id='word_1_177' title='bbox 961 3304 1149 3413; x_wconf 79' lang='lat' dir='ltr'>prefatus</span> <span class='ocrx_word' id='word_1_178' title='bbox 1181 3306 1334 3390; x_wconf 81' lang='lat' dir='ltr'>Comes</span> <span class='ocrx_word' id='word_1_179' title='bbox 1368 3303 1556 3390; x_wconf 82' lang='lat' dir='ltr'>Sdislaus</span> <span class='ocrx_word' id='word_1_180' title='bbox 1578 3303 1787 3413; x_wconf 80' lang='lat' dir='ltr'>prefatum</span> <span class='ocrx_word' id='word_1_181' title='bbox 1807 3303 2021 3421; x_wconf 79' lang='lat' dir='ltr'>Abbotem</span> <span class='ocrx_word' id='word_1_182' title='bbox 2041 3313 2085 3385; x_wconf 86' lang='lat' dir='ltr'>et</span> <span class='ocrx_word' id='word_1_183' title='bbox 2105 3332 2228 3387; x_wconf 87' lang='lat' dir='ltr'>suum</span> <span class='ocrx_word' id='word_1_184' title='bbox 2252 3305 2364 3392; x_wconf 79' lang='lat' dir='ltr'>Con·</span> 
     </span>
     <span class='ocr_line' id='line_1_21' title="bbox 711 3422 2363 3534; baseline 0 -29"><span class='ocrx_word' id='word_1_185' title='bbox 711 3432 883 3505; x_wconf 90' lang='lat' dir='ltr'>ventum</span> <span class='ocrx_word' id='word_1_186' title='bbox 904 3431 949 3504; x_wconf 88' lang='lat' dir='ltr'>et</span> <span class='ocrx_word' id='word_1_187' title='bbox 964 3424 1233 3509; x_wconf 78' lang='lat' dir='ltr'>successores</span> <span class='ocrx_word' id='word_1_188' title='bbox 1269 3452 1369 3510; x_wconf 91' lang='lat' dir='ltr'>suos</span> <span class='ocrx_word' id='word_1_189' title='bbox 1406 3425 1578 3510; x_wconf 87' lang='lat' dir='ltr'>heredes</span> <span class='ocrx_word' id='word_1_190' title='bbox 1615 3436 1659 3506; x_wconf 89' lang='lat' dir='ltr'>et</span> <span class='ocrx_word' id='word_1_191' title='bbox 1694 3428 1832 3534; x_wconf 90' lang='lat' dir='ltr'>ipsum</span> <span class='ocrx_word' id='word_1_192' title='bbox 1867 3422 2169 3511; x_wconf 81' lang='lat' dir='ltr'>Monosterium</span> <span class='ocrx_word' id='word_1_193' title='bbox 2206 3425 2363 3508; x_wconf 82' lang='lat' dir='ltr'>debeat</span> 
     </span>
     <span class='ocr_line' id='line_1_22' title="bbox 710 3536 2363 3654; baseline 0.001 -29"><span class='ocrx_word' id='word_1_194' title='bbox 710 3550 927 3651; x_wconf 81' lang='lat' dir='ltr'>reputare,</span> <span class='ocrx_word' id='word_1_195' title='bbox 949 3548 992 3625; x_wconf 88' lang='lat' dir='ltr'>et</span> <span class='ocrx_word' id='word_1_196' title='bbox 1021 3554 1226 3654; x_wconf 75' lang='lat' dir='ltr'>tanquam</span> <span class='ocrx_word' id='word_1_197' title='bbox 1262 3543 1487 3627; x_wconf 88' lang='lat' dir='ltr'>heredibus</span> <span class='ocrx_word' id='word_1_198' title='bbox 1523 3544 1726 3629; x_wconf 83' lang='lat' dir='ltr'>honorem</span> <span class='ocrx_word' id='word_1_199' title='bbox 1756 3544 1965 3628; x_wconf 84' lang='lat' dir='ltr'>exhibere.</span> <span class='ocrx_word' id='word_1_200' title='bbox 2025 3536 2122 3628; x_wconf 85' lang='lat' dir='ltr'>Hec</span> <span class='ocrx_word' id='word_1_201' title='bbox 2147 3546 2290 3627; x_wconf 73' lang='lat' dir='ltr'>‘omnia</span> <span class='ocrx_word' id='word_1_202' title='bbox 2318 3546 2363 3626; x_wconf 93' lang='lat' dir='ltr'>in</span> 
     </span>
     <span class='ocr_line' id='line_1_23' title="bbox 710 3660 2362 3776; baseline 0.001 -31"><span class='ocrx_word' id='word_1_203' title='bbox 710 3664 864 3745; x_wconf 85' lang='lat' dir='ltr'>virtute</span> <span class='ocrx_word' id='word_1_204' title='bbox 903 3660 1143 3745; x_wconf 78' lang='lat' dir='ltr'>Jurementi</span> <span class='ocrx_word' id='word_1_205' title='bbox 1183 3661 1237 3745; x_wconf 82' lang='lat' dir='ltr'>ab</span> <span class='ocrx_word' id='word_1_206' title='bbox 1278 3673 1460 3770; x_wconf 81' lang='lat' dir='ltr'>utreque</span> <span class='ocrx_word' id='word_1_207' title='bbox 1495 3671 1613 3772; x_wconf 81' lang='lat' dir='ltr'>parte</span> <span class='ocrx_word' id='word_1_208' title='bbox 1648 3664 1692 3744; x_wconf 91' lang='lat' dir='ltr'>in</span> <span class='ocrx_word' id='word_1_209' title='bbox 1725 3664 1920 3749; x_wconf 77' lang='lat' dir='ltr'>manibus</span> <span class='ocrx_word' id='word_1_210' title='bbox 1961 3661 2118 3746; x_wconf 89' lang='lat' dir='ltr'>domini</span> <span class='ocrx_word' id='word_1_211' title='bbox 2136 3661 2190 3745; x_wconf 67' lang='lat' dir='ltr'>R</span> <span class='ocrx_word' id='word_1_212' title='bbox 2207 3661 2261 3776; x_wconf 74' lang='lat'>(⁹)</span> <span class='ocrx_word' id='word_1_213' title='bbox 2294 3662 2362 3747; x_wconf 85' lang='lat' dir='ltr'>dei</span> 
     </span>
     <span class='ocr_line' id='line_1_24' title="bbox 712 3778 2359 3893; baseline 0.005 -34"><span class='ocrx_word' id='word_1_214' title='bbox 712 3782 859 3890; x_wconf 84' lang='lat' dir='ltr'>gracia</span> <span class='ocrx_word' id='word_1_215' title='bbox 905 3778 1160 3866; x_wconf 84' lang='lat' dir='ltr'>Gnesnensis</span> <span class='ocrx_word' id='word_1_216' title='bbox 1207 3781 1526 3891; x_wconf 89' lang='lat' dir='ltr'>Archiepiscopi</span> <span class='ocrx_word' id='word_1_217' title='bbox 1572 3783 1827 3893; x_wconf 86' lang='lat' dir='ltr'>precipimus</span> <span class='ocrx_word' id='word_1_218' title='bbox 1877 3792 2082 3893; x_wconf 86' lang='lat' dir='ltr'>perpetuo</span> <span class='ocrx_word' id='word_1_219' title='bbox 2133 3780 2359 3867; x_wconf 52' lang='lat' dir='ltr'>observeris</span> 
     </span>
    </p>
   </div>
   <div class='ocr_carea' id='block_1_9' title="bbox 588 3898 2360 4001">
    <p class='ocr_par' dir='ltr' id='par_1_10' title="bbox 588 3898 2360 4001">
     <span class='ocr_line' id='line_1_25' title="bbox 588 3898 2360 4001; baseline 0.004 -23"><span class='ocrx_word' id='word_1_220' title='bbox 588 3920 591 3925; x_wconf 69' lang='grc'><em>’</em></span> <span class='ocrx_word' id='word_1_221' title='bbox 710 3899 867 3979; x_wconf 80' lang='lat' dir='ltr'>Actum</span> <span class='ocrx_word' id='word_1_222' title='bbox 896 3899 1019 3984; x_wconf 88' lang='lat' dir='ltr'>Anno</span> <span class='ocrx_word' id='word_1_223' title='bbox 1052 3901 1208 3984; x_wconf 92' lang='lat' dir='ltr'>domini</span> <span class='ocrx_word' id='word_1_224' title='bbox 1237 3900 1460 3985; x_wconf 87' lang='lat' dir='ltr'>Milleeimo</span> <span class='ocrx_word' id='word_1_225' title='bbox 1491 3898 1793 4001; x_wconf 75' lang='lat' dir='ltr'>Ducentesimo</span> <span class='ocrx_word' id='word_1_226' title='bbox 1825 3902 2058 3986; x_wconf 84' lang='lat' dir='ltr'>Tricesim0</span> <span class='ocrx_word' id='word_1_227' title='bbox 2094 3910 2258 3987; x_wconf 77' lang='lat' dir='ltr'>octavo.</span> <span class='ocrx_word' id='word_1_228' title='bbox 2291 3903 2360 3987; x_wconf 69' lang='lat' dir='ltr'>¹ln</span> 
     </span>
    </p>
   </div>
   <div class='ocr_carea' id='block_1_10' title="bbox 709 4018 2360 4131">
    <p class='ocr_par' dir='ltr' id='par_1_11' title="bbox 709 4018 2360 4131">
     <span class='ocr_line' id='line_1_26' title="bbox 709 4018 2360 4131; baseline 0 -28"><span class='ocrx_word' id='word_1_229' title='bbox 709 4019 965 4103; x_wconf 84' lang='lat' dir='ltr'>Monssterio</span> <span class='ocrx_word' id='word_1_230' title='bbox 1006 4018 1236 4103; x_wconf 82' lang='lat' dir='ltr'>Andrzeiow</span> <span class='ocrx_word' id='word_1_231' title='bbox 1268 4023 1311 4102; x_wconf 91' lang='lat' dir='ltr'>in</span> <span class='ocrx_word' id='word_1_232' title='bbox 1342 4019 1555 4103; x_wconf 80' lang='lat' dir='ltr'>caminate</span> <span class='ocrx_word' id='word_1_233' title='bbox 1586 4019 1819 4131; x_wconf 77' lang='lat' dir='ltr'>&#39;hospitum</span> <span class='ocrx_word' id='word_1_234' title='bbox 1833 4020 1856 4094; x_wconf 71' lang='lat' dir='ltr'><em>f</em></span> <span class='ocrx_word' id='word_1_235' title='bbox 1880 4022 2154 4106; x_wconf 87' lang='lat' dir='ltr'>Presentibus</span> <span class='ocrx_word' id='word_1_236' title='bbox 2189 4019 2360 4105; x_wconf 68' lang='lat' dir='ltr'>Abbsee</span> 
     </span>
    </p>
   </div>
   <div class='ocr_carea' id='block_1_11' title="bbox 709 4136 2362 4368">
    <p class='ocr_par' dir='ltr' id='par_1_12' title="bbox 709 4136 2362 4368">
     <span class='ocr_line' id='line_1_27' title="bbox 709 4136 2362 4341; baseline 0.001 -119"><span class='ocrx_word' id='word_1_237' title='bbox 709 4136 897 4341; x_wconf 56' lang='lat' dir='ltr'>e{ii⁵d⁰m</span> <span class='ocrx_word' id='word_1_238' title='bbox 931 4139 1034 4243; x_wconf 86' lang='lat' dir='ltr'>loci,</span> <span class='ocrx_word' id='word_1_239' title='bbox 1068 4150 1113 4222; x_wconf 91' lang='lat' dir='ltr'>et</span> <span class='ocrx_word' id='word_1_240' title='bbox 1147 4138 1331 4243; x_wconf 83' lang='lat' dir='ltr'>Renero,</span> <span class='ocrx_word' id='word_1_241' title='bbox 1364 4150 1407 4222; x_wconf 87' lang='lat' dir='ltr'>et</span> <span class='ocrx_word' id='word_1_242' title='bbox 1438 4136 1663 4244; x_wconf 85' lang='lat' dir='ltr'>Wsrnero,</span> <span class='ocrx_word' id='word_1_243' title='bbox 1694 4150 1738 4225; x_wconf 87' lang='lat' dir='ltr'>et</span> <span class='ocrx_word' id='word_1_244' title='bbox 1766 4138 2036 4226; x_wconf 81' lang='lat' dir='ltr'>Theodorioo</span> <span class='ocrx_word' id='word_1_245' title='bbox 2066 4140 2286 4225; x_wconf 82' lang='lat' dir='ltr'>monacbis</span> <span class='ocrx_word' id='word_1_246' title='bbox 2319 4150 2362 4224; x_wconf 83' lang='lat' dir='ltr'>et</span> 
     </span>
     <span class='ocr_line' id='line_1_28' title="bbox 709 4286 2352 4368; baseline 0.001 -29"><span class='ocrx_word' id='word_1_247' title='bbox 709 4286 814 4368; x_wconf 73' lang='lat' dir='ltr'>aps.</span> <span class='ocrx_word' id='word_1_248' title='bbox 1436 4322 1440 4331; x_wconf 44' lang='lat'><em>2</em></span> <span class='ocrx_word' id='word_1_249' title='bbox 1593 4292 1597 4301; x_wconf 23' lang='grc' dir='ltr'><strong>Δ</strong></span> <span class='ocrx_word' id='word_1_250' title='bbox 2331 4302 2352 4313; x_wconf 83' lang='grc'>··</span> 
     </span>
    </p>
   </div>
   <div class='ocr_carea' id='block_1_12' title="bbox 709 4490 2360 4643">
    <p class='ocr_par' dir='ltr' id='par_1_13' title="bbox 709 4490 2360 4643">
     <span class='ocr_line' id='line_1_29' title="bbox 709 4490 2360 4643; baseline 0.002 -84"><span class='ocrx_word' id='word_1_251' title='bbox 709 4491 978 4641; x_wconf 48' lang='lat' dir='ltr'>Laneigloeldest</span> <span class='ocrx_word' id='word_1_252' title='bbox 992 4491 1231 4629; x_wconf 59' lang='lat' dir='ltr'>Rusonisqoi</span> <span class='ocrx_word' id='word_1_253' title='bbox 1246 4490 1515 4643; x_wconf 65' lang='lat' dir='ltr'>stcbi&#39;episoopus</span> <span class='ocrx_word' id='word_1_254' title='bbox 1530 4495 1591 4563; x_wconf 80' lang='lat' dir='ltr'>loir</span> <span class='ocrx_word' id='word_1_255' title='bbox 1606 4495 1647 4571; x_wconf 61' lang='lat' dir='ltr'>ab</span> <span class='ocrx_word' id='word_1_256' title='bbox 1660 4516 1687 4563; x_wconf 74' lang='lat' dir='ltr'>s·</span> <span class='ocrx_word' id='word_1_257' title='bbox 1703 4495 1788 4575; x_wconf 74' lang='lat'>1232</span> <span class='ocrx_word' id='word_1_258' title='bbox 1800 4504 1833 4565; x_wconf 79' lang='lat' dir='ltr'>et</span> <span class='ocrx_word' id='word_1_259' title='bbox 1848 4505 1997 4565; x_wconf 72' lang='lat' dir='ltr'>mortuus</span> <span class='ocrx_word' id='word_1_260' title='bbox 2006 4506 2062 4565; x_wconf 78' lang='lat' dir='ltr'>est</span> <span class='ocrx_word' id='word_1_261' title='bbox 2072 4493 2128 4563; x_wconf 89' lang='lat' dir='ltr'>die</span> <span class='ocrx_word' id='word_1_262' title='bbox 2134 4494 2360 4639; x_wconf 42' lang='lat' dir='ltr'>‚Wip&#39;ffii</span> 
     </span>
    </p>
   </div>
   <div class='ocr_carea' id='block_1_13' title="bbox 0 0 2710 6309">
    <p class='ocr_par' dir='ltr' id='par_1_14' title="bbox 0 0 2710 6309">
     <span class='ocr_line' id='line_1_30' title="bbox 0 0 2710 6309; baseline 0 3"><span class='ocrx_word' id='word_1_263' title='bbox 0 0 2710 6309; x_wconf 95' lang='lat' dir='ltr'> </span> 
     </span>
    </p>
   </div>
  </div>
 </body>
</html>
