5409 6309
1022 935 1067 955 ·-
1123 897 1192 977 381
1246 937 1296 956 -

337 1103 561 1206 literarum.
592 1099 751 1192 Actum
770 1101 815 1185 in
836 1099 1087 1214 Saadmnirr'a
1105 1102 1289 1200 ¹sabbato
1311 1109 1410 1187 ante
1432 1101 1684 1191 dominicam
1701 1108 1979 1217 reminiscere,

338 1250 447 1309 anno
466 1221 684 1308 millesimo
703 1221 1118 1332 quadringentesimo
1137 1223 1351 1308 vicesimo.
1383 1220 1656 1310 Presentibus
1685 1228 1916 1314 reuerendo
1937 1230 1981 1314 in

338 1338 546 1458 (Christo)
564 1337 686 1452 patr'e
708 1340 876 1425 domino
899 1337 1096 1425 Johanne
1116 1340 1330 1454 Episcopo
1353 1338 1607 1450 Chelmensi‚
1627 1372 1810 1432 necnon
1830 1346 1984 1434 nobili·

337 1463 420 1549 bus
442 1471 486 1546 et
505 1461 684 1544 strenuis
703 1460 802 1564 viris
826 1454 992 1542 Criste‘no
1014 1460 1066 1543 de
1089 1459 1243 1544 Ostrow
1266 1461 1549 1568 Oracouieusi,
1571 1461 1770 1549 dohanne
1791 1465 1843 1549 de
1873 1463 1984 1549 Wir·
2074 1485 2078 1492 '

338 1580 486 1666 scheon
508 1579 739 1683 Oalisiensi‚
759 1576 957 1663 Johanne
988 1579 1039 1660 de
1069 1576 1299 1665 Scaecorzr’a
1318 1580 1540 1666 lublinensi
1556 1582 1807 1688 castellanis,
1823 1584 1984 1670 Pasch-

339 1726 446 1785 cone
468 1700 520 1783 de
536 1694 833 1812 Bopnmiloaicc
849 1695 1005 1781 Judice
1022 1704 1065 1780 ct
1080 1698 1322 1807 pasehcone
1337 1697 1487 1810 zlodzey
1504 1699 1708 1812 gladifero
1741 1705 1985 1789 cracouien-

339 1805 476 1925 sibus:
488 1817 721 1926 multisque
741 1816 832 1927 alijs
852 1817 1006 1903 nostris
1026 1813 1223 1899 fidelibus
1244 1816 1329 1901 fide
1351 1820 1504 1933 dignis.
1550 1820 1710 1905 Datum
1738 1849 1814 1931 per
1833 1848 1985 1909 manus

340 1936 563 2022 reuerendi
581 1937 626 2020 in
646 1935 815 2023 Ohristo
835 1938 967 2046 patris
989 1934 1145 2021 domini
1159 1933 1322 2020 Alberti
1338 1939 1406 2024 dei
1423 1941 1568 2051 gracia
1598 1939 1800 2052 Episcopi
1829 1940 1986 2028 Orneo-

339 2057 499 2142 uiensis
519 2054 661 2169 Regni
669 2054 844 2141 Polonie
856 2054 1104 2165 Cancellarij
1121 2061 1165 2137 et
1183 2054 1461 2143 Wenerabilis
1481 2058 1690 2146 iohannis
1711 2059 1861 2144 decani
1881 2058 1987 2148 Cra·

338 2177 560 2281 couiensis,
582 2176 769 2260 eiusdem
783 2173 923 2288 Regni
943 2174 1292 2286 vicecancellarii
1304 2177 1428 2263 nobis
1444 2176 1608 2281 sincere
1625 2179 1882 2267 dilectorum.

501 2295 571 2381 Ad
589 2295 840 2380 relacionem
863 2295 1053 2406 ejusdem
1090 2293 1301 2382 dohannis
1324 2298 1475 2381 decani
1506 2297 1820 2404 (traconensis,-
1846 2298 1984 2412 Regni
2079 2387 2082 2396 ,

395 2413 566 2501 Polonie
587 2414 930 2525 vicecancellarij.

1078 2821 1251 2941 CXCV.

539 3080 670 3165 Sirra
695 3078 980 3165 toea-dic
1003 3077 1076 3165 81
1100 3079 1422 3167 Decembris
1446 3079 1587 3168 1421
1612 3098 1777 3165 anno.

303 3299 305 3304 ’
337 3301 463 3416 liniter
475 3302 555 3376 inter
564 3300 645 3375 bona
657 3298 1083 3473 nomerivitodeuipet
1096 3300 1311 3486 taloltolvripppir
1324 3299 1675 3410 njsdurtrrilnilco
1688 3299 1980 3375 unnedudlenris

1046 3419 1173 3475 aarum
1280 3453 1289 3471 .

438 3612 489 3698 In
508 3611 676 3697 nomine
698 3610 854 3696 domini
873 3609 1023 3696 Amen.
1070 3608 1140 3694 Ad
1173 3610 1234 3693 rei
1262 3612 1507 3697 memoriam
1537 3612 1848 3721 sempiternam.
1895 3610 1984 3696 Nos

336 3734 487 3821 Petrus
509 3733 564 3816 de
591 3730 743 3815 ls'r'deoo
761 3728 905 3815 Jndex
941 3739 986 3812 et
1006 3727 1294 3816 Swantoslans
1324 3731 1376 3814 de
1397 3728 1574 3814 Zoroada
1609 3729 1826 3815 Subindex
1854 3728 1987 3813 Terre

339 3851 587 3940 Siradiensis
620 3849 838 3963 generales
860 3848 1074 3935 Vniuersis
1096 3856 1140 3934 et
1158 3850 1334 3963 singulis
1370 3849 1639 3962 presentibus
1660 3859 1704 3933 et
1721 3847 1871 3933 fueris
1890 3875 1987 3960 pre·
2026 3895 2030 3906 «

337 3972 526 4056 sencium
545 3969 743 4056 noticiam
779 3967 984 4054 habituris
1020 3970 1309 4083 significamus
1346 3965 1473 4070 Quod
1507 3968 1660 4080 Regali
1691 3970 1732 4051 in
1753 3966 1925 4053 Judicio
1943 3968 1988 4051 in

336 4099 481 4176 nostra
499 4088 786 4197 nobiliumque
806 4087 913 4172 infra
933 4090 1195 4200 scriptorum,
1230 4089 1453 4202 presencia
1488 4089 1709 4173 constituti
1729 4084 1986 4200 Magnificus

336 4208 534 4295 Nicolaus
557 4209 611 4291 de
632 4204 845 4291 Mirtolow
866 4208 1082 4292 Palatinus
1105 4207 1455 4294 Sandomiriensis
1477 4217 1520 4291 et
1544 4204 1804 4318 Capitoneus
1827 4204 1985 4293 Orneo-

336 4327 492 4412 uiensis
514 4326 767 4436 Strenuique
789 4324 1148 4428 TomasVenator
1164 4326 1415 4412 Siradiensis
1430 4325 1613 4410 Michael
1636 4326 1690 4410 de
1709 4320 1987 4438 Radimr‘o(‘?)

337 4457 382 4532 et
401 4445 595 4535 Clemens
618 4445 670 4528 de
690 4444 872 4555 Ros-prro
892 4445 947 4559 (²)
976 4443 1247 4557 delegatione
1273 4444 1579 4559 exregnli(sic)‚
1596 4444 1865 4532 concordiam
1880 4441 1984 4527 feria

337 4575 490 4681 quarta
508 4564 696 4676 proxima
716 4572 816 4647 ante
834 4565 1097 4674 natiuitatem
1133 4563 1291 4649 Christi
1324 4564 1428 4649 fassi
1463 4576 1561 4647 sunt
1591 4574 1635 4647 et
1661 4561 1830 4676 publice
1863 4587 1983 4646 reco-

442 4802 484 4883 (¹)
504 4796 690 4868 Vlsdlslaus
703 4795 987 4864 Wieczorkowski
1001 4793 1145 4863 tabulam
1170 4794 1255 4862 hanc
1282 4796 1451 4864 nobiscum
1478 4796 1737 4875 communicavit
1766 4796 1891 4862 invenit
1904 4816 1986 4862 vero

337 4907 410 4986 cam
423 4886 459 4952 in
473 4884 608 4986 arclriyo
621 4883 790 4986 suppressi
803 4882 996 4984 monasterii
1007 4880 1221 4949 Witoviensis
1235 4882 1324 4968 apud
1337 4880 1559 4949 Petricoriam
1573 4881 1695 4948 ordinis
1711 4879 1987 4961 cisterciensium,

290 4995 302 5010 e
339 4981 387 5038 nn
401 4969 663 5139 snpradmmus,
674 4991 744 5057 Jam
758 4967 868 5037 multra
884 4967 1025 5035 rnloc1s.
1048 4965 1268 5120 Archetypon
1283 4989 1536 5067 pergamenum„

455 5055 484 5139 ²)
504 5056 656 5147 Rozprw,
670 5054 749 5123 urbs
762 5076 865 5143 parva
877 5052 1135 5122 Petricoviensis
1149 5051 1192 5120 ho
1217 5052 1245 5122 ‘e
1263 5051 1417 5143 regionis,
1434 5050 1601 5122 castellani
1615 5050 1748 5119 minoris
1764 5049 1869 5120 sedes.
1973 5127 1978 5136 .
