5409 6309
1317 791 1622 870 ··-·era-

661 999 826 1082 ceteris.
856 997 1035 1085 Necnon
1049 993 1214 1083 Validis
1237 992 1517 1107 sumereque
1535 993 1654 1080 viris:
1687 992 1870 1086 Oristino
1892 991 1948 1078 de
1969 971 2123 1079 Ostrorc
2144 948 2311 1080 Castel-

659 1116 756 1202 lano
777 1115 1059 1222 Oracoviensi,
1079 1115 1111 1202 J
1113 1143 1250 1202 canuc
1272 1116 1324 1198 de
1345 1117 1518 1199 Tarson
1542 1113 1666 1202 Orac.
1687 1109 1861 1201 Nicolao
1885 1112 1937 1197 de
1961 1110 2172 1202 Mrbtolow
2194 1113 2327 1201 San--

621 1271 626 1282 ·
661 1236 874 1319 domirien.
907 1229 1076 1321 Jbanne
1097 1235 1294 1348 Liganza
1312 1233 1557 1318 Lancicien.
1580 1241 1623 1316 et
1642 1230 1810 1319 Jacobo
1832 1232 1885 1318 de
1909 1228 2154 1343 Conicezpole
2176 1231 2307 1343 Syra·

528 1381 532 1390 ·
659 1353 794 1436 diensi
808 1354 1023 1459 Palatinis,
1057 1356 1284 1467 multisque
1322 1354 1413 1465 alijs
1448 1354 1600 1437 nostris
1628 1351 1823 1438 fidelibus
1858 1350 2099 1462 fidodiguis.
2149 1350 2310 1440 Datum

657 1498 733 1580 per
754 1501 904 1562 manus
925 1473 1164 1558 Reverendi
1183 1476 1227 1557 in
1250 1474 1420 1560 Christo
1440 1470 1584 1557 Patris
1599 1471 1769 1556 Domini
1788 1471 1955 1560 Nicolei
1990 1468 2148 1557 Sancte
2170 1469 2314 1559 Gnar-

496 1690 503 1712 .
660 1593 801 1678 nensis
821 1592 1011 1678 Ecclesia
1030 1592 1364 1705 Archiepiscopi,
1385 1592 1507 1676 nobis
1529 1594 1691 1675 sincere
1707 1590 1883 1677 dilecti..
1964 1661 1974 1680 .

759 1710 829 1798 Ad
849 1713 1094 1800 relationem
1116 1712 1307 1825 ejusdem
1327 1711 1487 1799 domini
1507 1705 1673 1798 Nicolai
1690 1709 2013 1822 Archiepiscopi
2032 1707 2197 1798 (inem.

1403 2213 1554 2359 ern.

939 2514 1367 2606 straciae-ute
1391 2516 1430 2602 2
1455 2513 1662 2624 Aprilis
1687 2514 1828 2606 1414
1854 2535 2024 2606 anno.

655 2753 949 2832 vladislaus
969 2751 1194 2828 antetulit
1208 2752 1382 2827 nonasterii
1395 2754 1424 2826 t.
1437 2753 1592 2832 lenuis
1607 2754 1834 2853 tzortrrtovr·
1846 2752 1962 2828 ordiris
1980 2753 2085 2827 &reti
2097 2753 2181 2828 terti
2195 2753 2306 2828 neni·
2339 2723 2341 2732 ¹

902 2859 965 2945 teo,
979 2856 1085 2932 sillan
1099 2858 1214 2951 Kaleja
1229 2854 1343 2934 tohu
1359 2855 1390 2930 ir
1404 2858 1546 2934 ustrou
1559 2862 1755 2954 umpicenri
1769 2858 1863 2932 ritem
1878 2857 1973 2932 leret
1989 2859 2040 2941 (¹).
2151 2960 2155 2966 ¹

672 3095 677 3100 ’
757 3084 808 3168 In
826 3082 993 3168 nomine
1015 3085 1171 3169 domini
1190 3081 1341 3172 Amen.
1377 3094 1459 3171 etc.
1508 3084 1691 3169 Proinde
1722 3111 1799 3171 nos
1829 3083 2087 3169 Wladislaus
2117 3081 2210 3172 Rex
2229 3082 2313 3170 Po·-

654 3203 790 3290 loniae
813 3211 893 3287 etc.
943 3199 1055 3304 Quia
1075 3203 1271 3316 specialis
1306 3205 1399 3292 zelo
1437 3204 1673 3291 deuotionis
1709 3203 1894 3308 accensi,
1932 3203 2166 3315 Cupientes
2203 3201 2314 3286 diem

654 3323 828 3407 extremi
862 3314 1006 3406 tudini
1039 3324 1210 3435 pietatis
1247 3326 1449 3438 operibus
1478 3317 1737 3436 praevenire,
1769 3331 1812 3408 et
1832 3325 2080 3435 praesertim
2117 3322 2314 3408 videntes

654 3441 732 3526 hos
755 3442 946 3526 consulte
967 3471 1108 3555 agere,
1132 3452 1177 3527 et
1194 3445 1415 3556 negociari
1433 3443 1670 3547 salubriter,
1707 3442 1781 3553 qui
1813 3472 1864 3530 ex
1886 3444 2042 3528 devota
2060 3441 2314 3530 liberalitate

652 3555 727 3670 pro
748 3563 922 3646 terrenis
944 3561 1156 3669 coelestia,
1180 3573 1222 3646 et
1242 3592 1319 3673 pro
1340 3563 1591 3648 transitoriis
1621 3574 1827 3673 perpetua
1847 3564 2102 3647 studuerunt
2137 3588 2310 3674 compa·-

651 3707 756 3785 rare,
779 3693 821 3770 et
839 3683 1066 3792 praecipue
1104 3684 1370 3769 attendentes
1402 3683 1519 3793 quod
1537 3683 1645 3766 inter
1667 3692 1837 3767 caetera
1859 3711 1971 3798 quae
1993 3684 2046 3765 de
2067 3681 2183 3768 fonte
2204 3683 2308 3798 cha-

650 3798 786 3882 ritatis
822 3802 1071 3911 procedunt,
1108 3801 1363 3888 eleemosina
1391 3799 1596 3886 celebrius
1634 3802 1967 3906 commendatur,
2003 3798 2311 3888 solennioribus

633 3921 949 4012 commendata
967 3921 1205 4031 praeconijs
1225 3921 1482 4033 praecellere
1500 3919 1739 4025 dinoscitur,
1763 3919 1942 4031 quilibet
1958 3919 2056 4035 (sic)
2080 3921 2311 4034 gratiarum

651 4064 793 4152 opera.
825 4039 948 4124 Haec
971 4039 1081 4124 enim
1103 4050 1166 4123 est
1185 4040 1410 4128 ineffabilis
1431 4037 1716 4151 suffragatrix,
1752 4067 1868 4151 quae
1886 4067 1964 4125 nos
1985 4039 2121 4124 abluit
2165 4069 2192 4125 a
2211 4067 2313 4151 pec·

652 4158 760 4239 catis
783 4165 827 4240 et
847 4160 1028 4271 gratiam
1049 4159 1169 4245 nobis
1199 4163 1388 4247 restituit
1420 4160 1645 4245 saluatoris
1673 4160 1786 4245 unde
1824 4161 1989 4246 divinae
2025 4160 2312 4244 retributionis

648 4276 803 4364 iirtrritu
822 4279 1023 4381 volentes,
1044 4288 1093 4363 ut
1111 4277 1261 4366 fratres
1294 4279 1538 4388 monasterij
1560 4288 1735 4366 sanctae
1762 4279 1923 4365 Mariae
1942 4281 1985 4363 iri
2010 4274 2313 4364 Cranstoclrown

547 4499 551 4508 Ι
651 4398 806 4480 ordinis
828 4401 964 4486 sancti
998 4397 1121 4484 Pauli
1150 4402 1279 4510 primi
1303 4400 1548 4487 Heremitae
1571 4399 1652 4484 sub
1674 4400 1825 4511 regula
1845 4399 1982 4485 suncti
2003 4396 2239 4512 Augustini
2254 4397 2308 4482 li-

649 4511 792 4602 berius
812 4516 903 4602 Deo
919 4516 1078 4602 deornm
1099 4518 1279 4634 obsequi
1301 4531 1342 4606 et
1356 4518 1624 4610 <orationibus
1646 4546 1699 4601 ac
1721 4519 1862 4607 divino
1884 4518 2016 4608 cultui
2051 4545 2207 4622 vacere
2227 4542 2308 4628 po-

755 4768 793 4849 (ῑὶ
817 4767 945 4836 Tabula
960 4793 979 4836 a
993 4771 1241 4842 Muczlrowscio
1264 4773 1442 4861 descripta
1457 4796 1497 4838 ex
1522 4751 1958 4860 cbnfirmatione'privilegii
1985 4770 2077 4856 regis
2107 4765 2308 4859 Sigismundr'
2434 4832 2441 4850 ὁ

649 4852 704 4920 Au
753 4852 796 4918 sti
810 4852 862 4920 die
879 4857 917 4918 ll
932 4855 1042 4922 martii
1058 4860 1141 4924 1564
1157 4858 1323 4948 (Metryka
1337 4859 1411 4926 ker.
1428 4857 1492 4924 vol
1510 4859 1550 4923 98
1565 4859 1739 4945 pagelltb
1759 4855 1858 4926 conr.
1876 4856 2036 4925 Baliusoii
2055 4853 2311 4941 „Pielgraymks

649 4936 694 5003 do
739 4938 977 5026 rostenleve?
993 4965 1071 5031 pag.
1087 4945 1159 5010 rat.
1319 5011 1324 5022 ,
1591 5007 1596 5016 ,
1790 4953 1793 4960 ’
