5409 6309
1415 874 1588 945 ..1430
1641 911 1685 926 .-

730 1121 812 1176 non
834 1085 962 1172 semel
982 1079 1058 1163 sed
1081 1078 1191 1160 omni
1212 1087 1398 1186 tempore
1414 1074 1500 1159 vult
1522 1086 1565 1158 et
1586 1076 1773 1158 decernit
1807 1083 2012 1185 perpetuo
2044 1077 2234 1162 valitura.
2267 1078 2373 1165 Pro-

727 1214 823 1297 inde
844 1232 919 1289 nos
942 1196 1177 1286 Alexander
1200 1197 1265 1280 dei
1287 1195 1431 1308 gracia
1452 1196 1542 1281 Rex
1564 1194 1749 1281 Polcnie.
1780 1194 1821 1280 N
1825 1223 1872 1279 ec
1893 1222 1977 1278 non
1993 1206 2196 1292 terrarum
2213 1198 2373 1287 Gracc-

725 1334 804 1435 vie,
826 1317 1096 1412 Sandcmirie.
1120 1314 1291 1400 Siradie.
1328 1314 1534 1399 Lancitie.
1573 1313 1776 1424 Odyavie.
1813 1342 1994 1425 magnus
2017 1315 2101 1398 dux
2121 1315 2368 1403 Lithwanie,

727 1450 917 1538 Russiae.
949 1438 1201 1544 Prussieque
1223 1464 1274 1519 ac
1297 1433 1531 1520 Oulmensis
1553 1434 1826 1548 Elbingensis
1848 1443 1891 1516 et
1908 1432 2157 1522 Pomeranie
2179 1436 2371 1523 dominus

730 1582 773 1655 et
792 1569 926 1651 heres.
960 1551 1257 1668 Significar'nus
1277 1565 1424 1638 tenore
1444 1555 1714 1667 presentium.
1738 1552 1892 1663 quibus
1914 1551 2084 1664 expedit
2104 1557 2309 1642 universis
2333 1569 2375 1641 et

727 1686 902 1797 singulis
923 1673 1186 1790 presentibus
1209 1686 1251 1757 et
1269 1675 1419 1757 futuris
1455 1675 1604 1757 harum
1644 1673 1838 1758 notitiam
1873 1670 2102 1788 habituris}¹
2145 1672 2370 1775 Quomodo

728 1805 978 1892 constitutus
999 1797 1042 1878 in
1061 1791 1204 1877 nostra
1225 1804 1267 1876 et
1289 1793 1628 1879 Consiliariorum
1665 1801 1900 1878 nostrorum
1920 1801 2022 1875 tunc
2043 1789 2267 1878 nobiscum'
2288 1799 2375 1881 exi·

724 1925 922 2014 utentium
943 1916 1163 2028 presentia.
1195 1910 1454 2011 Venerabilis
1489 1923 1531 1997 et
1551 1912 1793 2024 Religiosus
1831 1909 2021 1996 loannes
2053 1910 2201 1997 Abbas
2224 1913 2374 2000 Mona·

726 2045 838 2154 sterij
861 2037 1136 2149 Thijnijczen.
1157 2033 1355 2141 produxit
1390 2043 1550 2116 certum
1574 2031 1845 2142 Privilegium
1880 2029 2066 2115 Boleslai
2102 2033 2308 2119 Oracovie
2331 2050 2374 2121 et

728 2160 986 2254 Saudcmirie
1008 2154 1125 2238 ducis
1146 2155 1300 2235 tenoris
1320 2150 1575 2262 infrascripti
1608 2150 1768 2234 Abbati
1792 2161 1834 2233 et
1855 2149 2093 2236 Conventui
2128 2152 2371 2267 Monasterij

730 2285 973 2372 Thiniczen.
997 2270 1094 2387 (sic)
1118 2272 1275 2356 datum.
1297 2301 1348 2354 ac
1370 2302 1444 2382 per
1462 2271 1782 2356 Serenissimum
1800 2270 1896 2355 olim
1913 2271 2375 2386 princip'em'dominum

731 2402 983 2492 Cazimirum
1002 2392 1174 2477 Polonie
1196 2403 1276 2474 etc.
1307 2390 1470 2504 Regem
1494 2391 1727 2502 genitorem
1749 2399 1790 2472 et
1810 2381 2154 2502 predecessorem
2186 2403 2375 2480 nostrum

730 2516 1020 2608 charissimum
1041 2512 1321 2621 approbatum
1343 2522 1386 2592 et
1407 2510 1712 2594 confirmatum.
1761 2507 2111 2622 Supplicavitque
2142 2499 2265 2597 nobis
2296 2515 2375 2599 hu·

727 2643 885 2737 militer.
908 2646 955 2717 ut
973 2630 1074 2714 illud
1095 2634 1220 2713 etiam
1233 2628 1548 2743 aprobare(sic)
1559 2627 1805 2713 confirmare
1819 2628 2079 2715 etratificare
2089 2631 2371 2742 dignaremur.

731 2762 862 2848 Cuius
885 2751 1056 2864 quidem
1068 2749 1278 2861 Privilegij
1288 2760 1408 2834 tenor
1429 2750 1480 2830 de
1502 2749 1631 2832 verbo
1654 2747 1708 2829 ad
1728 2748 1904 2832 verbum
1919 2753 2109 2861 sequitur
2132 2741 2371 2837 ct'esttalis.

838 2875 961 2961 1456.
973 2869 1024 2956 In
1034 2872 1198 2952 nomine
1211 2870 1366 2952 domini
1378 2896 1511 2952 amen.
1521 2866 1589 2949 Ad
1597 2870 2250 2978 perpetuamreimemoriam.Ne
2260 2899 2372 2958 error

728 2994 947 3085 oblivionis
970 2990 1099 3100 gestis
1121 2988 1200 3071 sub
1222 2999 1410 3097 tempore
1446 2986 1686 3070 labentibus
1718 2987 1991 3095 imposterum
2014 2987 2111 3102 (sic)
2142 2993 2278 3100 pariat
2299 2991 2373 3074 de·

728 3119 969 3202 trimentum
990 3108 1075 3192 alta
1094 3137 1243 3220 regum
1265 3119 1308 3191 et
1326 3109 1559 3217 principum
1581 3105 1845 3216 providentia
1882 3108 2070 3224 decrevit
2090 3137 2142 3191 ea
2162 3110 2373 3195 literarum

600 3223 602 3234 ⁴
730 3233 920 3347 apicibus
942 3241 985 3311 et
1004 3227 1174 3310 testium
1196 3228 1466 3312 annotatione
1496 3223 1761 3334 perhennarj.
1807 3225 1989 3312 Proinde
2025 3255 2103 3314 nos
2142 3227 2374 3314 Oazimirus
2457 3251 2505 3322 ,·

731 3355 799 3440 dei
819 3349 957 3464 gratia
976 3347 1069 3436 Rex
1089 3346 1265 3432 Polonie
1284 3374 1365 3428 nec
1385 3373 1469 3430 non
1488 3356 1690 3428 terrarum
1721 3344 1938 3433 Oracovie.
1962 3344 2239 3455 Sandomirie,
2262 3348 2374 3436 Sira·

731 3478 810 3580 die,
830 3469 1033 3584 Lancitie.
1071 3466 1275 3576 Ouyavie.
1308 3466 1488 3579 Magnus
1527 3465 1610 3548 dux
1640 3463 1888 3549 Lithwanie·.
1923 3465 2089 3551 Russie.
2127 3467 2373 3554 Pomeranie

728 3595 981 3701 Prussieque
1005 3587 1194 3672 dominus¹
1216 3596 1259 3668 et
1276 3585 1410 3669 heres.
1444 3582 1742 3695 Significamus
1759 3594 1904 3669 tenore
1925 3587 2193 3696 presentium.
2217 3591 2370 3701 quibus

732 3712 898 3823 expedit
916 3705 1121 3790 universis
1142 3704 1406 3814 presentibus
1422 3712 1465 3786 et
1479 3701 1627 3786 futuris
1644 3705 1792 3787 harum
1807 3705 1998 3790 notitiam
2014 3705 2231 3791 habituris.
2255 3705 2372 3808 Quo-

727 3832 851 3916 modo
872 3854 946 3937 per
967 3823 1254 3905 Venerabilem
1276 3836 1319 3905 et
1338 3822 1598 3933 Religiosum
1634 3823 1837 3907 Mathiam
1873 3823 2087 3908 Abbatem
2119 3825 2372 3911 Thiniczen·

728 3979 817 4036 sem
840 3958 881 4030 et
903 3944 1160 4030 Canonicum
1194 3941 1520 4027 Oraooviensem
1558 3943 1708 4026 devote
1747 3942 1944 4026 dilectum
1979 3955 2121 4031 nostre
2158 3945 2372 4030 Maiestati

732 4064 1031 4175 oblatapetitio
1041 4061 1295 4147 continebat.
1307 4063 1526 4172 quattinus
1538 4061 1633 4178 (sic)
1642 4063 1911 4175 Privilegium
1921 4062 2161 4175 Monasterij
2172 4064 2374 4151 suiinfra·

730 4192 931 4300 scriptum
953 4186 1005 4267 de
1024 4184 1169 4266 innata
1190 4181 1423 4266 celsitudini
1444 4191 1584 4265 nostre
1607 4182 1832 4265 clementia
1865 4182 2091 4269 ratificare.
2122 4185 2372 4296 approbare.

729 4308 980 4423 gratificare.
1002 4303 1214 4387 innovare.
1250 4300 1461 4386 roborare.
1493 4311 1535 4385 et
1563 4301 1811 4386 confirmare
1854 4302 2123 4415 dignaremur
2164 4307 2371 4417 graciose.

673 4531 678 4540 ι
721 4429 863 4530 „Cuius
884 4426 1053 4535 quidem
1074 4420 1284 4532 Privilegij
1306 4429 1427 4505 tenor
1449 4421 1501 4503 de
1524 4422 1654 4506 verbo
1677 4423 1731 4507 ad
1754 4420 1930 4506 verbum
1953 4425 2144 4536 sequitur
2164 4437 2208 4508 et
2229 4437 2294 4509 est
2309 4437 2372 4510 ta·

730 4547 793 4631 lis.
826 4546 925 4649 (Hic
946 4542 1121 4654 sequitur
1142 4540 1241 4624 idem
1261 4539 1462 4622 verborum
1483 4552 1690 4644 contectus,
1711 4570 1825 4652 quem
1846 4539 2016 4655 deploma
2032 4543 2128 4626 artai
2157 4545 2372 4661 1271pa9.

732 4666 918 4763 oo-ea
962 4658 1075 4746 Tomi
1085 4659 1211 4772 primi
1229 4661 1345 4771 tzp‘as
1369 4655 1519 4742 Codicis
1541 4659 1691 4743 ealda
1713 4665 1730 4776 (
1751 4658 1781 4772 ).

835 4862 873 4942 (¹)
896 4860 1073 4928 Variantes
1096 4860 1257 4927 lectiones
1287 4860 1458 4927 nonnullae
1488 4861 1612 4928 suntin
1625 4861 1864 4929 Muczkowscii
1894 4863 2101 4951 apograph03
2124 4864 2264 4932 varietas
2292 4866 2372 4934 haec

705 4953 766 5024 in
796 4956 876 5013 nota
904 4944 969 5011 huo
999 4946 1141 5010 affertur.
1177 4945 1256 5030 Pag-
1284 4946 1327 5010 90
1354 4967 1433 5033 pro:
1455 4949 1672 5022 maritatam,
1703 4947 1737 5013 iu
1769 4947 2014 5015 confirmatione
2050 4950 2139 5038 regis
2174 4951 2375 5038 Sigismundi

732 5061 752 5102 a
773 5028 1022 5101 Muczlrowsoio
1051 5027 1228 5117 descripta,
1245 5028 1383 5115 legimus
1398 5033 1600 5098 autoritatem.
1623 5032 1701 5099 Pro:
1717 5036 1894 5114 eternitatis,
1910 5035 2186 5124 annalia—Peg.
2196 5039 2235 5102 91
2251 5059 2325 5104 vers
2341 5041 2372 5104 2.
