5409 6309
1270 747 1752 830 J-es-ff

692 1009 697 1016 -
735 947 1336 1047 summouendum,
1371 944 1491 1054 quod
1521 954 1695 1030 moneta
1731 945 1968 1031 communis
2002 919 2275 1034 ιιοιιιιιοιιιιιι
2304 955 2348 1037 in
2454 1000 2456 1002 ·

629 1101 642 1138 τ
734 1069 956 1179 praedicta
977 1067 1165 1154 Ciuitate
1186 1064 1410 1166 habeatur,
1433 1072 1476 1145 et
1493 1091 1573 1172 per
1591 1073 1728 1147 totum
1750 1065 1981 1164 dominium
2002 1064 2345 1156 sandomirienee

736 1215 765 1272 a
783 1182 1079 1290 vendentibus,
1105 1193 1148 1266 et
1168 1180 1421 1282 ementibus,
1442 1210 1517 1265 res*
1533 1182 1872 1294 qualescumque
1886 1185 2217 1269 irrecusabiliter
2230 1191 2347 1271 acei-
2416 1269 2427 1291 ,J
2464 1261 2467 1270 ,

734 1306 886 1412 pintan,
906 1331 987 1385 neo
1008 1301 1218 1416 aliqnain
1238 1298 1548 1410 praeiudicium
1570 1300 1747 1384 Ciuitati
1774 1302 1862 1382 iam
1901 1329 2100 1410 expresse
2134 1308 2346 1415 urgentia,

734 1422 792 1506 ab
814 1420 905 1531 alijs
940 1420 1211 1524 Ciuitatibus,
1248 1418 1316 1502 vel
1351 1416 1826 1529 quibuscumquae
1734 1418 1826 1526 aliJ’s
1840 1416 2014 1506 inferri
2037 1425 2346 1557 pennittenus.
2348 1421 2375 1534 J

726 1538 847 1636 ‚Cum
868 1549 1014 1623 autem
1036 1538 1201 1624 Ciuitas
1222 1546 1369 1620 nostra
1404 1538 1742 1643 praenominata,
1779 1564 1832 1618 ex
1862 1537 2063 1647 integro
2051 1568 2095 1620 ιιι
2118 1567 2248 1648 opere
2267 1569 2346 1628 suo

735 1661 903 1741 steterit
925 1667 1172 1741 constructa
1194 1665 1237 1738 et
1256 1652 1481 1762 completa
1503 1647 1697 1739 volumus
1718 1664 1842 1755 tunc,
1869 1655 1986 1766 quod
2022 1653 2206 1740 Camere
2237 1687 2348 1769 pan·
2376 1706 2380 1712 -

732 1777 1197 1880 norum,etmst1tarum
1212 1774 1256 1855 in
1271 1772 1449 1854 eedem
1437 1801 1481 1853 ιιι
1496 1773 1684 1857 mediate
1694 1769 1794 1885 (sie)
1806 1782 2114 1857 construantur.
2126 1775 2179 1858 de
2189 1777 2347 1888 quibus
2481 1835 2483 1838 -

735 1894 859 1978 nobis
882 1902 925 1975 et
942 1893 1098 1977 nostris
1120 1889 1440 1975 suecessoribus
1458 1891 1648 2002 quinque
1669 1897 1814 2001 partes
1836 1888 1992 1974 cedent
2011 1877 2253 1998 solutionis,
2277 1922 2347 1980 se·

573 2063 579 2074 ·
678 2107 682 2112 ,
735 2020 810 2097 xta
829 2040 929 2096 vero
951 2013 1008 2094 ad
1028 2010 1301 2095 Aduocatum
1336 2009 1680 2114 haereditarium,
1714 2029 1817 2102 'cum
1847 2010 1936 2091 suis
1954 2008 2153 2121 legitimis
2175 2011 2348 2098 succes-

735 2129 900 2213 sonbns
922 2129 1164 2240 pertinebit.
1195 2128 1263 2210 De
1285 2126 1377 2234 alijs
1395 2122 1603 2231 omnibus,
1639 2156 1752 2239 quae
1784 2135 2033 2237 sequuntur,
2069 2137 2119 2209 ut
2152 2140 2256 2238 pote
2292 2134 2346 2217 de

686 2357 696 2368 .
736 2247 927 2333 Cameris
947 2249 1017 2331 vel
1035 2246 1223 2352 macelbs
1256 2244 1502 2326 carnificum
1536 2244 1589 2368 de
1621 2247 1772 2329 bancis
1808 2248 2013 2354 pistorum
2035 2255 2080 2327 et
2099 2248 2348 2357 calcipario-

733 2395 841 2470 rum,
861 2375 995 2477 atque
1017 2367 1070 2448 de
1091 2363 1273 2446 cameris
1294 2364 1627 2448 examinatorum
1645 2364 1823 2476 argenti,
1842 2373 1885 2445 et
1901 2364 1954 2445 de
1971 2363 2168 2447 domibus
2183 2377 2348 2452 macta·

592 2481 597 2490 '
701 2484 829 2568 'tori
812 2510 866 2591 Js,
812 2510 1001 2595 Jquae
1024 2481 1226 2566 Cuthlere
1248 2479 1345 2594 (sic)
1367 2493 1678 2589 nuncupantur,
1699 2492 1744 2564 et
1764 2482 1818 2564 de
1837 2481 2018 2564 balneis.
2048 2482 2136 2591 hijs
2151 2486 2371 2569 omnibus

735 2629 815 2712 per
848 2603 989 2708 ipsum
1024 2600 1298 2683 Adnotatum
1332 2598 1676 2683 haereditarium
1700 2600 1959 2685 constructis
1996 2606 2041 2680 et
2072 2606 2345 2711 comparatis,

737 2747 824 2804 non
845 2718 966 2827 alterj
989 2741 1119 2829 quam
1138 2719 1231 2827 ipso
1251 2717 1478 2818 Aduooato
1500 2716 1731 2822 Withconi,
1754 2726 1800 2801 et
1817 2719 1905 2799 suis
1925 2718 2117 2831 posteris,
2137 2728 2347 2860 tanquam

740 2838 910 2922 domino
925 2863 1002 2921 suo
1023 2835 1199 2945 speciali
1219 2831 1474 2938 deseruient,
1497 2845 1541 2917 et
1560 2833 1790 2920 solutiones
1812 2822 2148 2946 qualescumque
2169 2866 2224 2920 ex
2241 2839 2346 2948 ipsis

737 2946 1005 3066 proueniunt,
1035 2954 1107 3036 vel
1123 2953 1345 3064 possunt
1333 2982 1379 3034 ιιι
1408 2952 1624 3037 futurum
1618 2954 1855 3072 prouenire
1890 2952 2196 3062 persoluentur.
2241 2957 2347 3042 Pro·

597 3095 603 3105 ·
736 3073 975 3155 mittimus
961 3099 1137 3181 insuper
1167 3070 1345 3156 Ciuibus
1381 3074 1537 3155 nostris
1572 3067 1888 3188 supradictis,
1876 3099 1922 3152 ιιι
1950 3071 2140 3182 ipsorum
2161 3072 2348 3159 Ciuitate
2480 3160 2489 3171 ,

663 3263 669 3273 .
736 3191 991 3275 Perochiam
1020 3200 1066 3272 ut
1085 3199 1335 3275 construant
1369 3192 1596 3299 spatialem
1631 3193 1687 3276 ab
1726 3190 1944 3300 Episcopo
1980 3189 2184 3275 obtinere.
2236 3181 2358 3278 Item
2431 3185 2455 3274 s

739 3309 891 3391 damus
912 3318 957 3391 et
976 3309 1264 3392 concedimus.
1299 3309 1519 3418 praedicto
1556 3308 1783 3395 Aduocato
1817 3306 2047 3412 Withconi,
2085 3319 2129 3391 et
2158 3313 2267 3413 suis·
2262 3340 2346 3420 po·

738 3426 893 3509 eteris
881 3455 925 3510 ιιι
946 3427 1141 3511 omnibus
1159 3427 1305 3536 riuulis
1328 3438 1373 3510 et
1390 3427 1531 3537 fluuijs
1569 3456 1770 3538 agromm
1807 3424 1984 3521 Ciuitati
2013 3429 2090 3534 pe'r
2120 3452 2198 3510 nos
2221 3409 2344 3511 addi-
2406 3483 2415 3510 ι

723 3552 888 3648 torm,
908 3545 1170 3655 ubicumque
1189 3523 1383 3630 locorum
1398 3545 1567 3651 fuerint,
1599 3547 1691 3627 siue
1709 3571 1842 3653 prope
1863 3543 1934 3626 vel
1951 3551 2113 3626 remote
2150 3555 2344 3629 consuu-

740 3663 853 3766 endi,
873 3662 1116 3747 molendina
1136 3672 1180 3744 et
1198 3665 1383 3773 piscinas
1414 3664 1569 3747 liberas
1591 3662 1646 3744 ab
1671 3661 1783 3746 omni
1814 3662 2035 3762 solutione,
2066 3658 2172 3744 dure
2192 3663 2343 3747 haere·

739 3724 934 3864 sindo
921 3809 966 3862 ιιι
984 3789 1241 3890 perpetuum
1275 3782 1571 3892 possidendas,
1609 3789 1653 3862 et
1681 3777 1917 3862 habendas.
1966 3776 2132 3861 Causas
2170 3806 2345 3892 quoque
2488 3781 2493 3796 '

738 3896 856 3980 leues
878 3905 924 3979 et
942 3900 1097 3980 arduas
1114 3898 1368 3985 Aduocatus
1390 3928 1488 3982 cum
1508 3899 1597 3981 suis
1616 3895 1796 4006 posteris
1817 3895 2006 3979 indicare
2042 3895 2213 3998 habeat,
2247 3923 2345 3984 reos

740 4014 925 4098 criminis
946 4026 990 4098 et
1008 4016 1236 4121 maleficos,
1258 4019 1397 4130 quiin
1419 4018 1593 4122 ciuitate
1630 4023 1712 4096 aut<
1743 4024 1863 4097 extra
1898 4014 2115 4097 ciuitatem
2134 4016 2178 4096 in
2200 4014 2344 4106 Terri-

740 4134 880 4217 torio
866 4136 1001 4243 ipsius
1028 4139 1187 4245 reperti
1205 4133 1373 4216 filerint.
1406 4135 1475 4216 vel
1504 4161 1580 4243 per
1602 4119 1934 4244 quemcumque
1968 4133 2234 4243 deprehensi,
2264 4163 2342 4244 pro

739 4251 945 4362 qualitate
963 4255 1204 4366 noxietatis,
1227 4261 1270 4332 et
1290 4250 1444 4359 culpae
1465 4250 1613 4333 debita
1631 4277 1774 4359 poena
1756 4250 2023 4362 puniendo.
2054 4252 2170 4334 Item
2185 4251 2337 4336 damus

742 4378 786 4452 et
806 4367 1092 4474 concedimus,
1109 4359 1292 4453 Oiuibus
1311 4371 1469 4480 nostris
1488 4368 1776 4480 supradictis
1757 4399 1809 4452 ιιι
1818 4368 2017 4454 Ciuitate
2038 4396 2119 4452 sua
2136 4370 2341 4455 iudicium

737 4515 913 4598 pugnae
932 4488 1002 4572 vel
1020 4487 1149 4571 duelli
1168 4495 1397 4569 occurente
1414 4473 1684 4590 necessitate,
1702 4487 1774 4572 vel
1794 4489 1895 4570 dum
1926 4513 2034 4596 opus
2065 4485 2193 4570 fuerit
2220 4515 2342 4571 exer·

739 4608 838 4716 cerj,
860 4616 918 4689 et·
923 4606 1083 4689 habere
1101 4603 1246 4708 libere,
1267 4605 1369 4688 nibil
1388 4608 1538 4691 horum
1557 4616 1729 4717 propter
1764 4615 1957 4690 nostram
1990 4604 2228 4688 absentiam
2264 4604 2345 4688 dif-
2447 4681 2449 4687 ,

574 4771 577 4778 ·
700 4721 934 4827 terentes,
964 4723 1074 4805 Item
1108 4722 1313 4831 volumus,
1350 4726 1467 4836 quod
1498 4723 1626 4810 Ciues
1667 4726 1799 4810 nosni
1835 4723 2030 4810 (luntatis
2064 4722 2342 4834 praehabitas

741 4840 1093 4996 Sandomiriensis
1125 4868 1210 4927 nou
1230 4853 1476 4955 grauantm,
1511 4847 1600 4926 ut
1583 4873 1634 4926 m
1653 4844 1810 4927 iudicio
1831 4832 2090 4947 Prouintiali,
2127 4868 2234 4926 non
2245 4839 2381 4952 plus.
