5409 6309
1355 811 1649 917 ηιξ,
1798 814 1853 887 g

660 1020 905 1132 praesertim
926 1017 981 1098 ad
1001 1014 1249 1097 instantiam
1268 1034 1445 1120 precum
1465 1004 1731 1091 Venerabilis
1754 1010 1797 1088 et
1817 1004 2026 1116 Religiosi
2046 1005 2135 1091 Viri
2155 1007 2327 1094 Domini

658 1140 816 1222 Fratris
838 1122 1013 1218 He⁰nrici
1033 1130 1089 1244 (³)
1125 1128 1208 1213 Dei
1241 1128 1446 1238 patientia
1486 1124 1670 1209 Abbatis
1692 1120 1936 1232 Menanterij
1959 1124 2225 1233 Tynecensis
2248 1125 2329 1212 Or·

657 1257 764 1337 dinis
809 1251 852 1337 S.
874 1248 1097 1333 Benedicti
1138 1249 1309 1334 Domini
1351 1244 1617 1353 Temporalis
1653 1270 1705 1326 ae
1734 1242 1913 1327 Providi
1953 1241 2041 1324 Viri
2081 1243 2327 1331 Fricakonis

656 1371 837 1458 Sculteti
856 1369 1174 1477 praedictarum
1194 1364 1384 1449 villarum
1406 1352 1532 1470 supe'r
1553 1360 1760 1448 solutione
1782 1361 1972 1442 decimae
1988 1359 2251 1472 Campestris
2273 1365 2343 1447 de

494 1486 501 1493 ’
656 1488 834 1571 araturis
853 1483 1081 1569 eorundem
1101 1483 1376 1581 Ometonum,
1393 1479 1519 1562 talem
1536 1479 1807 1588 concordiam
1823 1477 2005 1561 fecimus
2019 1489 2064 1561 et
2074 1488 2326 1590 perpetuam

656 1609 875 1707 unionem,
895 1602 1093 1684 videlicet
1115 1600 1231 1708 quod
1253 1600 1333 1705 ipsi
1356 1597 1587 1682 Ometones
1610 1624 1686 1678 seu
1708 1594 1859 1681 Coloni
1881 1594 1938 1676 de·
1956 1597 2149 1702 quolibet
2177 1626 2325 1684 manso

657 1721 834 1831 singulis
857 1720 976 1802 annis
997 1745 1162 1823 semper
1183 1718 1226 1797 in
1246 1715 1378 1797 Festo
1399 1712 1524 1796 Beati
1544 1714 1714 1796 Martini
1734 1710 1858 1795 nobis
1880 1719 2122 1823 nostrisque
2141 1714 2325 1798 Succes-

654 1837 819 1922 sonibus
839 1835 1007 1918 ratione
1026 1832 1215 1915 decimae
1237 1818 1485 1941 praedictae
1504 1840 1699 1940 perocto
1723 1831 1874 1917 Scotos
1897 1830 2334 1941 grossorumBoemi-.

655 1955 826 2057 callum,
848 1979 977 2035 unam
997 1977 1237 2040 mensuram
1257 1950 1386 2031 tritici
1408 1959 1451 2030 et
1470 1978 1599 2031 unam
1620 1976 1863 2031 mensuram
1885 1947 2092 2058 Siliginis,
2135 1948 2325 2057 qualibet

654 2073 877 2156 occasione
912 2070 1171 2176 postposita,
1209 2068 1309 2150 dare
1342 2078 1386 2148 et
1405 2067 1568 2151 solvere
1602 2077 1808 2175 perpetuo
1844 2065 2112 2150 tenebuntur.
2163 2065 2323 2149 Nuntio
2476 2138 2480 2143 .

601 2246 604 2253 ,
654 2215 752 2272 vcro
774 2194 937 2288 nostro,
960 2213 1089 2294 quem
1110 2184 1166 2266 ad
1188 2184 1470 2294 'colligendam
1494 2184 1653 2266 dictam
1672 2183 1901 2292 pecuniam
1925 2183 2169 2266 duxerimus
2193 2183 2323 2266 desti·
2472 2274 2476 2279 ,

652 2304 859 2405 nandum,
880 2302 1093 2385 mettertio
1111 2300 1209 2414 (sic)
1231 2311 1443 2407 tempore,
1462 2328 1547 2409 quo
1571 2300 1752 2382 eandem
1768 2303 1992 2408 pecuniam
2004 2298 2163 2411 exigit,
2181 2300 2235 2381 de
2251 2330 2322 2385 ex·

410 2400 421 2419 ”
563 2415 571 2424 ’
651 2423 791 2531 pensis
813 2420 1367 2527 necessarysprcpersonis
1390 2427 1434 2529 et
1454 2419 1738 2528 cquiseorum
1760 2417 2065 2527 providebunt,
2082 2420 2322 2527 praedictas
2396 2514 2398 2517 .

652 2549 797 2621 autem
816 2563 1035 2619 mensuras
1059 2537 1251 2618 curribus
1272 2539 1460 2645 ipsorum
1480 2536 1523 2615 in
1545 2534 1698 2647 Lypow
1730 2535 1931 2620 Castrum
1961 2545 2153 2618 nostrum
2186 2536 2320 2620 dedu·

587 2756 593 2767 „
655 2644 766 2738 cant.
830 2651 955 2753 Quod
977 2656 1012 2736 si
1031 2654 1113 2763 ipsi
1134 2654 1203 2737 vel
1223 2654 1376 2761 aliquis
1409 2680 1553 2738 eorum
1582 2654 1788 2763 pecunias
1820 2651 1981 2749 solvere
2014 2661 2088 2763 aut
2108 2650 2318 2738 frumenta
2413 2664 2418 2671 ’

648 2775 692 2855 in
713 2768 865 2883 Lyporc
886 2782 1159 2880 praesentare
1182 2771 1486 2881 quoquomodo
1524 2771 1788 2881 neglexerint
1823 2768 1933 2852 infra
1963 2780 2138 2855 octavas
2171 2770 2317 2881 Sancti
2368 2834 2371 2839 ,

648 2888 819 2977 Martini
839 2889 1067 3000 praedicti,
1087 2898 1239 2972 extunc
1260 2886 1441 2998 praefati
1462 2886 1613 2972 Coloni
1629 2914 1714 2972 non
1729 2885 1946 2972 solventes
1967 2887 2078 2971 infra
2098 2888 2200 2972 alios
2211 2884 2316 2974 VIII

649 3010 759 3111 dies,
779 3036 857 3116 per
879 3007 1095 3089 dimidiam
1116 3034 1303 3088 marcam
1327 3007 1518 3088 eiusdem
1546 3005 1795 3117 pagamenti
1817 3014 1860 3087 et
1879 3017 2076 3089 monetae
2096 3004 2218 3090 nobis
2239 3035 2316 3093 no·

644 3128 829 3236 atrisque
867 3122 1195 3209 Successoribus
1232 3123 1396 3209 solvere
1433 3121 1673 3228 debebunt,
1703 3133 1746 3206 et
1776 3124 1832 3206 ad
1862 3125 1906 3206 id
1935 3152 2013 3234 per
2049 3123 2316 3211 Sententiam
2446 3204 2457 3212 .

648 3244 1092 3328 excommmricatiouis
1115 3252 1157 3325 et
1176 3270 1252 3351 per
1271 3243 1411 3351 ipsum
1449 3241 1687 3326 Scultetum
1718 3249 1761 3325 et
1790 3268 1868 3351 per
1903 3245 1994 3347 eius
2033 3241 2313 3329 Successores
2354 3298 2360 3307 ι

648 3359 962 3469 compellentur.
1014 3359 1085 3442 Ad
1107 3384 1220 3466 quae
1242 3360 1385 3443 omnia
1414 3369 1672 3445 memoratus
1705 3358 1922 3444 Scultetus
1944 3388 2044 3459 cum
2064 3387 2139 3444 sex
2161 3359 2314 3447 Scabi·
2397 3354 2400 3359 ⁴
2449 3406 2453 3427 ·

552 3486 555 3492 ’
594 3462 599 3481 ’
644 3479 710 3561 nis
731 3476 931 3580 Matthia,
965 3476 1173 3579 Henricc,
1212 3476 1421 3586 Tyea'nar,
1457 3476 1699 3587 Heynlrone
1731 3475 1830 3590 (sic)
1869 3475 2039 3593 Sartore
2075 3477 2314 3591 Rudolpho,
2351 3568 2358 3587 ,

644 3597 841 3682 Petrc'et
862 3595 1032 3679 Thema
1052 3621 1130 3703 pro
1150 3622 1197 3679 se
1220 3605 1263 3679 et
1279 3597 1370 3679 suis
1390 3597 1540 3680 vicinis
1562 3597 1769 3681 universis
1788 3597 2105 3707 praedictarum
2124 3596 2316 3681 villarum

631 3713 816 3799 xGelonis
838 3723 990 3822 sponte
1015 3721 1058 3794 et
1076 3710 1205 3797 libere
1225 3740 1272 3795 se
1292 3712 1582 3817 submiserunt
1603 3722 1646 3797 et
1666 3714 1953 3811 assumerent
1966 3716 2185 3826 perpetuis
2206 3725 2313 3815 tem-

640 3826 816 3940 poribus
852 3829 1024 3915 firmiter
1060 3831 1340 3941 adimplenda.
1394 3829 1596 3916 Volentea
1631 3833 1803 3942 insuper
1824 3832 2134 3941 cumScultcto
2156 3843 2201 3916 et
2220 3834 2335 3917 eius'

642 3948 824 4057 posteris
845 3950 1026 4059 gratiam
1048 3948 1189 4034 facere
1208 3950 1460 4062 specialem,
1480 3950 1640 4032 meritis
1663 3959 1706 4035 et
1724 3951 1924 4062 precibus
1958 3953 2045 4036 eiras
2065 3950 2313 4060 propulsati,

642 4075 691 4149 ut
709 4065 907 4149 videlicet
936 4070 979 4153 in
1002 4070 1221 4153 exactione
1262 4068 1512 4176 praedictae
1545 4071 1755 4178 pecuniae
1794 4068 2010 4155 decimalis
2025 4146 2031 4159 ,
2049 4067 2333 4179 diligentiam

431 4276 435 4285 p
497 4276 500 4281 ,
641 4188 925 4293 operosiorem
946 4186 1091 4269 valeat
1110 4187 1333 4290 adhibere,
1367 4184 1472 4271 duos
1501 4213 1674 4271 mansos
1705 4189 1838 4297 ipsius
1860 4188 2067 4298 speciales
2090 4188 2145 4269 dc
2165 4195 2310 4271 nostra

371 4301 377 4311 '
639 4325 764 4389 mera
776 4302 1027 4387 liberalitate
1048 4333 1075 4387 a
1096 4304 1303 4391 solutione
1325 4314 1414 4389 tam
1434 4306 1644 4413 pecuniae
1665 4333 1796 4415 quam
1812 4296 2185 4419 frumenti-liberos
2206 4301 2310 4387 faci-

638 4444 732 4513 mus
752 4424 922 4529 penitus
941 4436 987 4505 et
1006 4432 1241 4531 exemptos.
1301 4414 1354 4506 In
1376 4425 1497 4507 cuius
1526 4423 1587 4505 rei
1607 4423 1866 4508 evidentiam
1900 4422 2197 4535 praesentibus
2234 4447 2310 4505 no-

527 4632 535 4643 ,
639 4549 770 4623 strum
791 4542 1016 4651 nostrique
1034 4540 1221 4651 Capituli
1242 4538 1392 4652 Sigilla
1411 4550 1513 4625 sunt
1532 4568 1735 4651 appensa.
1782 4541 1942 4627 Actum
1964 4552 2007 4625 et
2024 4542 2186 4627 Datum
2212 4532 2310 4622 Cra-

630 4655 771 4738 ‚covr'oc
791 4655 855 4739 IV
873 4656 1052 4745 Kalend.
1090 4658 1284 4768 danuary
1318 4658 1443 4743 Anno
1465 4652 1638 4744 Domini
1658 4658 1714 4743 M.
1739 4660 1828 4748 00.
1851 4659 2006 4747 XLVI.
2068 4656 2310 4745 Praesenti·
2348 4746 2353 4753 ,

693 4921 697 4926 “
741 4896 786 4997 (³)
806 4910 858 4987 De
873 4908 1024 4987 Henrlcc
1039 4913 1159 4982 eedem
1172 4916 1266 5003 legas
1282 4917 1426 4983 atulam
1444 4918 1671 5003 praemissam,
1695 4974 1698 4985 ,
1764 4948 1770 4961 .
