5409 6309
1160 816 1624 926 J-rra-

667 1036 952 1122 dumdomino
973 1034 1151 1119 Martino
1171 1034 1449 1117 ministerialis
1486 1033 1575 1116 dari
1605 1031 1746 1138 debet,
1781 1039 1825 1114 et
1854 1030 1999 1116 hocin
2021 1032 2199 1118 termino
2209 1034 2316 1121 'lone

665 1155 771 1267 giori
792 1156 846 1237 de
864 1153 980 1262 dure,
1001 1156 1112 1239 Etsi
1133 1154 1212 1236 hec
1234 1153 1410 1237 diffinita
1446 1152 1594 1236 diuisio
1616 1150 1970 1238 dominoMartiuo
1993 1151 2313 1259 quomodolibet

663 1273 963 1384 prohiberetur,
1001 1275 1116 1383 quod
1137 1274 1191 1356 ad
1211 1273 1438 1358 Dominum
1473 1271 1753 1381 Capitancum
1789 1271 2116 1357 Oracouieusem
2153 1271 2310 1359 debeat

664 1418 876 1477 recurrere
897 1423 972 1506 pro
996 1391 1235 1477 defensione
1262 1393 1369 1476 Item
1391 1391 1747 1474 sentenciauimus
1784 1390 1900 1499 quod
1930 1390 2136 1474 Dominus
2157 1390 2310 1501 Dopko

662 1512 774 1621 parti
793 1513 1004 1623 impensas
1023 1513 1243 1595 refundere
1265 1512 1395 1596 debet
1412 1510 1610 1595 videlieet
1645 1509 2004 1619 inseripciouales,
2040 1509 2195 1596 solidos
2217 1540 2312 1597 sea·

597 1629 601 1636 ’
663 1631 824 1714 binales
845 1645 887 1716 et
908 1633 1008 1716 data
1029 1632 1378 1734 ministerialibus,
1398 1631 1647 1741 inquantum
1668 1630 1822 1741 Dopko
1837 1640 2000 1739 partem
2017 1631 2202 1739 perscire
2221 1632 2315 1716 nol·

663 1749 724 1836 let
744 1759 788 1834 et
807 1754 1024 1860 signanter
1047 1752 1193 1834 decem
1215 1751 1369 1835 solidos
1392 1748 1636 1834 Scabiualee
1673 1751 1795 1835 hodie
1828 1750 2063 1860 peripsum
2083 1749 2312 1835 Dominum

664 1869 891 1954 Martinum
910 1872 1064 1956 iudicio
1080 1881 1223 1954 nostro
1245 1872 1380 1977 datoe3
1403 1880 1447 1950 et
1466 1870 1549 1952 hoe
1571 1870 1757 1955 similiter
1776 1872 1819 1952 iu
1841 1869 1909 1952 die
1923 1869 2101 1979 longiori
2122 1868 2172 1953 In
2192 1873 2314 1954 euius
2415 1935 2420 1944 .

664 1990 949 2075 testimonium
969 1990 1109 2101 sigilla
1129 2001 1272 2073 nostra
1292 1988 1558 2098 presentibus
1580 2003 1679 2072 sunt
1701 2017 1891 2100 appensa
1924 1987 2084 2076 Datum
2105 1987 2313 2074 Cracouie

666 2105 770 2191 feria
789 2110 979 2194 secunda
997 2121 1096 2221 post
1113 2108 1507 2198 festumMichaelis
1527 2106 1653 2196 Anno
1674 2109 1845 2195 Domini
1872 2106 1939 2193 Mi
1963 2106 2141 2195 OOOO‘.
2179 2107 2315 2195 Sexa-

598 2335 601 2346 q
670 2227 831 2342 gesimo
850 2229 1050 2313 secunde.

1405 2595 1611 2716 texit·

848 2853 1315 2942 cracoviae-die
1337 2855 1373 2941 5
1398 2855 1596 2940 menete
1620 2851 1782 2938 lanii
1805 2848 1956 2938 1464
1980 2867 2144 2935 ammo.
2245 2942 2252 2948 ,

666 3076 1160 3170 mambertiacum
1174 3075 1338 3151 eatena
1364 3079 1398 3150 et
1417 3031 1572 3149 lintea
1587 3073 1672 3147 duab
1686 3090 1764 3148 euru
1779 3071 1856 3146 lm
1869 3072 2057 3147 membris
2071 3073 2226 3148 racem
2239 3073 2316 3165 trit

1133 3198 1240 3272 araga
1255 3180 1401 3253 tumim
1414 3177 1604 3271 serdente
1618 3194 1765 3252 euntem
1778 3180 1833 3262 (ι).

770 3406 819 3490 Iu
840 3408 1007 3493 nomine
1027 3406 1198 3490 Domini
1219 3436 1355 3490 amen.
1402 3405 1471 3488 Ad
1497 3414 1746 3515 perpetuam
1761 3447 1764 3456 v
1781 3405 1841 3489 rei
1877 3406 2132 3490 memoriam.
2186 3403 2320 3494 Gesta

667 3526 944 3615 humanorum
965 3536 1136 3611 actuum
1157 3525 1269 3608 facili
1290 3535 1507 3634 pereunte
1529 3526 1729 3609 memoria
1765 3523 1979 3610 hominum
2014 3526 2110 3626 nisiv
2126 3526 2318 3634 apicibus
2438 3524 2442 3530 ’

665 3645 934 3732 Litterarum.
967 3655 1010 3727 et
1039 3647 1210 3728 testium
1231 3645 1541 3756 fidedignorum
1577 3646 1817 3729 testimonio
1854 3643 2009 3727 fuerint
2042 3645 2315 3754 perhennata.

667 3765 849 3851 Proinde
868 3764 955 3847 Nos
976 3764 1214 3848 Kazimirue
1237 3764 1452 3875 deigracia
1467 3763 1558 3849 Rex
1576 3762 1745 3848 Polonie
1768 3763 1943 3847 Necnon
1964 3764 2194 3848 Terrarum
2210 3763 2313 3849 Gra·
2350 3853 2355 3870 ,

669 3883 788 3969 eouie
810 3881 1072 3968 Sandomirie
1096 3880 1257 3965 Siradie
1278 3881 1481 3965 Laneieie
1518 3882 1708 3992 Ouyauie
1731 3884 1980 3968 Pomeranie
2003 3894 2082 3982 etc.
2135 3883 2318 3995 Magnus

667 4001 767 4086 Dux
780 3999 1029 4110 Lythwanie
1045 4000 1461 4110 RuesiePrussieque
1484 4003 1675 4087 dominus
1699 4015 1742 4087 et
1760 4002 1881 4087 heres
1904 4013 1983 4086 etc.
2018 4003 2321 4114 significamus

667 4130 812 4208 tenore
847 4122 1112 4230 presencium
1153 4119 1308 4231 quibus
1347 4121 1515 4232 expedit
1548 4124 1752 4206 uniuersis
1788 4121 2055 4232 presentibus
2092 4133 2136 4205 et
2153 4120 2320 4206 futuris.

670 4241 933 4351 presencium
951 4240 1147 4326 noticiam
1168 4239 1387 4326 habituris.
1420 4238 1641 4342 Quomodo
1663 4241 1713 4326 Iu
1734 4253 1876 4327 nostre
1911 4240 2147 4327 Maiestatis
2182 4251 2226 4323 et
2244 4269 2321 4328 no·

772 4479 810 4557 (¹)
833 4472 1051 4561 Archetypum
1068 4474 1257 4556 Staniatciis
1278 4476 1312 4539 in
1328 4475 1462 4541 archivo
1491 4484 1702 4542 asservatum.
1737 4476 1925 4576 Descripsit
1956 4476 2133 4545 Slawiriski
2163 4476 2318 4542 tabulam.

668 4560 845 4630 Fuuiculus
861 4582 992 4627 crassus
1007 4560 1130 4629 sericus
1146 4585 1163 4626 e
1179 4561 1245 4627 tilis
1259 4561 1323 4626 albi
1339 4561 1462 4627 coloris
1477 4560 1617 4628 rinctus·
1661 4562 1810 4650 Sigillum
1826 4583 1931 4628 miuus
1946 4585 1986 4628 ex
2011 4585 2088 4629 cera
2116 4560 2247 4650 vulgari
2262 4583 2320 4627 co·

668 4648 748 4715 loris
763 4645 862 4722 rubri,
879 4656 1098 4730 repraesentat
1113 4658 1240 4712 scutum
1268 4647 1302 4710 iu
1319 4659 1459 4730 quatuor
1506 4656 1592 4712 artes
1615 4645 1766 4721 divisum,
1782 4647 1815 4711 iu
1831 4646 1948 4730 quibus
1964 4647 2076 4731 aquila
2090 4646 2185 4714 unius
2198 4647 2321 4734 cupitis

668 4731 876 4800 Poloucrum,
887 4730 1068 4815 mileeequo
1083 4730 1237 4807 insidens,
1247 4729 1338 4796 idest
1351 4731 1476 4818 insigne
1515 4730 1721 4797 itbuanorum
1731 4733 1889 4819 „Pogori”
1900 4731 2074 4799 vernacula
2085 4730 2244 4798 Polouiea
2258 4732 2322 4797 liu·

668 4839 735 4968 ἶφι
749 4813 958 4902 appellatum,
974 4825 1073 4903 caput
1092 4816 1229 4882 bisontis
1244 4826 1278 4880 et
1293 4815 1410 4881 animai
1435 4816 1572 4884 biforme
1588 4817 1789 4883 dimidiatum
1812 4818 1941 4902 aquilae
1969 4828 2002 4883 et
2017 4815 2147 4905 gryphi.
2192 4818 2230 4883 ln
2252 4839 2322 4882 am·

672 4898 867 5055 tatingem&
888 4898 945 4977 „s
960 4901 1142 4969 Kazimims
1157 4902 1206 4969 da
1217 4905 1328 4988 procia
1351 4925 1411 4969 rea·
1429 4902 1694 4991 poloniemayuus
1724 4906 1787 4970 dut
1810 4903 1966 4972 litbwcais
1995 4915 2024 4970 et
2046 4908 2135 4970 tera
2163 4905 2266 4970 mesic
2295 4913 2321 4969 et
