<?xml version="1.0" encoding="UTF-8"?>
<!DOCTYPE html PUBLIC "-//W3C//DTD XHTML 1.0 Transitional//EN"
    "http://www.w3.org/TR/xhtml1/DTD/xhtml1-transitional.dtd">
<html xmlns="http://www.w3.org/1999/xhtml" xml:lang="en" lang="en">
 <head>
  <title>
</title>
<meta http-equiv="Content-Type" content="text/html;charset=utf-8" />
  <meta name='ocr-system' content='tesseract 3.04.00' />
  <meta name='ocr-capabilities' content='ocr_page ocr_carea ocr_par ocr_line ocrx_word'/>
</head>
<body>
  <div class='ocr_page' id='page_1' title='image "./codexdiplomatic00bobogoog_0175.png"; bbox 0 0 5409 6309; ppageno 0'>
   <div class='ocr_carea' id='block_1_1' title="bbox 979 841 1334 922">
    <p class='ocr_par' dir='ltr' id='par_1_1' title="bbox 979 841 1334 922">
     <span class='ocr_line' id='line_1_1' title="bbox 979 841 1334 922; baseline -0.025 0"><span class='ocrx_word' id='word_1_1' title='bbox 979 841 1334 922; x_wconf 57' lang='grc'>,4137-</span> 
     </span>
    </p>
   </div>
   <div class='ocr_carea' id='block_1_2' title="bbox 237 1036 2203 2440">
    <p class='ocr_par' dir='ltr' id='par_1_2' title="bbox 241 1036 2203 1853">
     <span class='ocr_line' id='line_1_2' title="bbox 365 1036 2033 1126; baseline 0.004 -6"><span class='ocrx_word' id='word_1_2' title='bbox 365 1048 517 1120; x_wconf 87' lang='lat' dir='ltr'>cuntur</span> <span class='ocrx_word' id='word_1_3' title='bbox 538 1036 731 1119; x_wconf 81' lang='lat' dir='ltr'>dedimus</span> <span class='ocrx_word' id='word_1_4' title='bbox 753 1038 912 1120; x_wconf 87' lang='lat' dir='ltr'>eisdem</span> <span class='ocrx_word' id='word_1_5' title='bbox 931 1037 1130 1124; x_wconf 74' lang='lat' dir='ltr'>fratribus</span> <span class='ocrx_word' id='word_1_6' title='bbox 1154 1040 1547 1125; x_wconf 79' lang='lat' dir='ltr'>Sedecim-Mausos</span> <span class='ocrx_word' id='word_1_7' title='bbox 1573 1039 1841 1126; x_wconf 74' lang='lat' dir='ltr'>franconicos</span> <span class='ocrx_word' id='word_1_8' title='bbox 1861 1043 1907 1124; x_wconf 86' lang='lat' dir='ltr'>in</span> <span class='ocrx_word' id='word_1_9' title='bbox 1924 1042 2033 1126; x_wconf 81' lang='lat' dir='ltr'>silua</span> 
     </span>
     <span class='ocr_line' id='line_1_3' title="bbox 342 1154 2032 1269; baseline 0.003 -32"><span class='ocrx_word' id='word_1_10' title='bbox 342 1166 509 1239; x_wconf 81' lang='lat' dir='ltr'>nostra</span> <span class='ocrx_word' id='word_1_11' title='bbox 540 1155 653 1236; x_wconf 88' lang='lat' dir='ltr'>circa</span> <span class='ocrx_word' id='word_1_12' title='bbox 682 1154 819 1238; x_wconf 88' lang='lat' dir='ltr'>Metas</span> <span class='ocrx_word' id='word_1_13' title='bbox 842 1156 895 1237; x_wconf 94' lang='lat' dir='ltr'>de</span> <span class='ocrx_word' id='word_1_14' title='bbox 917 1156 1120 1238; x_wconf 71' lang='lat' dir='ltr'>Leuctram</span> <span class='ocrx_word' id='word_1_15' title='bbox 1152 1183 1260 1268; x_wconf 91' lang='lat' dir='ltr'>quos</span> <span class='ocrx_word' id='word_1_16' title='bbox 1281 1185 1335 1248; x_wconf 78' lang='lat' dir='ltr'>ex</span> <span class='ocrx_word' id='word_1_17' title='bbox 1357 1160 1473 1241; x_wconf 87' lang='lat' dir='ltr'>omni·</span> <span class='ocrx_word' id='word_1_18' title='bbox 1505 1168 1626 1265; x_wconf 84' lang='lat' dir='ltr'>parta</span> <span class='ocrx_word' id='word_1_19' title='bbox 1647 1159 1713 1239; x_wconf 88' lang='lat' dir='ltr'>sui</span> <span class='ocrx_word' id='word_1_20' title='bbox 1733 1158 1920 1269; x_wconf 70' lang='lat' dir='ltr'>gadibus</span> <span class='ocrx_word' id='word_1_21' title='bbox 1955 1187 2032 1246; x_wconf 84' lang='lat' dir='ltr'>seu</span> 
     </span>
     <span class='ocr_line' id='line_1_4' title="bbox 361 1270 2203 1385; baseline 0.002 -28"><span class='ocrx_word' id='word_1_22' title='bbox 361 1272 564 1358; x_wconf 86' lang='lat' dir='ltr'>limitibus</span> <span class='ocrx_word' id='word_1_23' title='bbox 594 1270 769 1354; x_wconf 76' lang='lat' dir='ltr'><strong>fecimus</strong></span> <span class='ocrx_word' id='word_1_24' title='bbox 791 1276 1036 1356; x_wconf 89' lang='lat' dir='ltr'>communiri</span> <span class='ocrx_word' id='word_1_25' title='bbox 1047 1335 1065 1376; x_wconf 90' lang='lat'>,.</span> <span class='ocrx_word' id='word_1_26' title='bbox 1086 1275 1137 1356; x_wconf 93' lang='lat' dir='ltr'>In</span> <span class='ocrx_word' id='word_1_27' title='bbox 1158 1275 1314 1385; x_wconf 89' lang='lat' dir='ltr'>quibus</span> <span class='ocrx_word' id='word_1_28' title='bbox 1335 1275 1496 1359; x_wconf 89' lang='lat' dir='ltr'>Mansis</span> <span class='ocrx_word' id='word_1_29' title='bbox 1516 1275 1599 1356; x_wconf 90' lang='lat' dir='ltr'>sibi</span> <span class='ocrx_word' id='word_1_30' title='bbox 1620 1301 1788 1358; x_wconf 91' lang='lat' dir='ltr'>omnem</span> <span class='ocrx_word' id='word_1_31' title='bbox 1809 1304 1936 1385; x_wconf 87' lang='lat' dir='ltr'>quem</span> <span class='ocrx_word' id='word_1_32' title='bbox 1956 1303 2035 1385; x_wconf 88' lang='lat' dir='ltr'>po·</span> <span class='ocrx_word' id='word_1_33' title='bbox 2137 1297 2142 1308; x_wconf 89' lang='lat'>&#39;</span> <span class='ocrx_word' id='word_1_34' title='bbox 2192 1301 2203 1309; x_wconf 88' lang='lat'>·</span> 
     </span>
     <span class='ocr_line' id='line_1_5' title="bbox 241 1390 2033 1504; baseline 0.007 -38"><span class='ocrx_word' id='word_1_35' title='bbox 241 1451 249 1466; x_wconf 91' lang='lat'><strong>.</strong></span> <span class='ocrx_word' id='word_1_36' title='bbox 364 1400 506 1473; x_wconf 85' lang='lat' dir='ltr'>terunt</span> <span class='ocrx_word' id='word_1_37' title='bbox 521 1400 768 1473; x_wconf 81' lang='lat' dir='ltr'><strong>construent</strong></span> <span class='ocrx_word' id='word_1_38' title='bbox 786 1390 1095 1474; x_wconf 80' lang='lat' dir='ltr'>usumfructum</span> <span class='ocrx_word' id='word_1_39' title='bbox 1117 1403 1162 1473; x_wconf 89' lang='lat' dir='ltr'>et</span> <span class='ocrx_word' id='word_1_40' title='bbox 1178 1394 1294 1500; x_wconf 88' lang='lat' dir='ltr'>ipsos</span> <span class='ocrx_word' id='word_1_41' title='bbox 1315 1395 1405 1476; x_wconf 92' lang='lat' dir='ltr'>iure</span> <span class='ocrx_word' id='word_1_42' title='bbox 1426 1391 1683 1474; x_wconf 80' lang='lat' dir='ltr'>hereditario</span> <span class='ocrx_word' id='word_1_43' title='bbox 1706 1391 1805 1503; x_wconf 82' lang='lat' dir='ltr'>(sic)</span> <span class='ocrx_word' id='word_1_44' title='bbox 1825 1404 2033 1504; x_wconf 87' lang='lat' dir='ltr'>perpetuo</span> 
     </span>
     <span class='ocr_line' id='line_1_6' title="bbox 364 1506 2079 1621; baseline 0.002 -30"><span class='ocrx_word' id='word_1_45' title='bbox 364 1506 654 1618; x_wconf 84' lang='lat' dir='ltr'>possidebunt,</span> <span class='ocrx_word' id='word_1_46' title='bbox 676 1506 757 1621; x_wconf 75' lang='lat' dir='ltr'>dus</span> <span class='ocrx_word' id='word_1_47' title='bbox 780 1511 914 1591; x_wconf 86' lang='lat' dir='ltr'>eciem</span> <span class='ocrx_word' id='word_1_48' title='bbox 946 1508 1230 1593; x_wconf 82' lang='lat' dir='ltr'>Teutonicum</span> <span class='ocrx_word' id='word_1_49' title='bbox 1261 1510 1488 1593; x_wconf 87' lang='lat' dir='ltr'>habebunt</span> <span class='ocrx_word' id='word_1_50' title='bbox 1507 1511 1551 1591; x_wconf 93' lang='lat' dir='ltr'>in</span> <span class='ocrx_word' id='word_1_51' title='bbox 1573 1508 1752 1610; x_wconf 84' lang='lat' dir='ltr'>eisdem,</span> <span class='ocrx_word' id='word_1_52' title='bbox 1773 1509 1832 1591; x_wconf 85' lang='lat' dir='ltr'>Et</span> <span class='ocrx_word' id='word_1_53' title='bbox 1849 1522 1899 1593; x_wconf 93' lang='lat' dir='ltr'>ut</span> <span class='ocrx_word' id='word_1_54' title='bbox 1920 1539 2035 1596; x_wconf 87' lang='lat' dir='ltr'>com·</span> <span class='ocrx_word' id='word_1_55' title='bbox 2076 1541 2079 1542; x_wconf 66' lang='grc'>’</span> 
     </span>
     <span class='ocr_line' id='line_1_7' title="bbox 365 1626 2036 1737; baseline 0.001 -29"><span class='ocrx_word' id='word_1_56' title='bbox 365 1626 552 1731; x_wconf 83' lang='lat' dir='ltr'>mutacio</span> <span class='ocrx_word' id='word_1_57' title='bbox 572 1652 650 1707; x_wconf 88' lang='lat' dir='ltr'>seu</span> <span class='ocrx_word' id='word_1_58' title='bbox 670 1627 885 1711; x_wconf 83' lang='lat' dir='ltr'>ordinacio</span> <span class='ocrx_word' id='word_1_59' title='bbox 905 1626 1147 1709; x_wconf 90' lang='lat' dir='ltr'>huiusmodi</span> <span class='ocrx_word' id='word_1_60' title='bbox 1176 1627 1450 1736; x_wconf 79' lang='lat' dir='ltr'>perhenniter</span> <span class='ocrx_word' id='word_1_61' title='bbox 1483 1634 1658 1708; x_wconf 86' lang='lat' dir='ltr'>maneat</span> <span class='ocrx_word' id='word_1_62' title='bbox 1691 1626 1920 1711; x_wconf 83' lang='lat' dir='ltr'>inconuls&#39;a</span> <span class='ocrx_word' id='word_1_63' title='bbox 1939 1656 2036 1737; x_wconf 90' lang='lat' dir='ltr'>pre·</span> 
     </span>
     <span class='ocr_line' id='line_1_8' title="bbox 365 1742 2035 1853; baseline 0.002 -29"><span class='ocrx_word' id='word_1_64' title='bbox 365 1752 530 1824; x_wconf 79' lang='lat' dir='ltr'>sentem</span> <span class='ocrx_word' id='word_1_65' title='bbox 560 1744 765 1852; x_wconf 85' lang='lat' dir='ltr'>paginam</span> <span class='ocrx_word' id='word_1_66' title='bbox 785 1770 912 1851; x_wconf 89' lang='lat' dir='ltr'>super</span> <span class='ocrx_word' id='word_1_67' title='bbox 932 1746 1026 1851; x_wconf 90' lang='lat' dir='ltr'>ipsa</span> <span class='ocrx_word' id='word_1_68' title='bbox 1048 1742 1258 1825; x_wconf 81' lang='lat' dir='ltr'>conscribi</span> <span class='ocrx_word' id='word_1_69' title='bbox 1289 1744 1561 1853; x_wconf 80' lang='lat' dir='ltr'>precepimus</span> <span class='ocrx_word' id='word_1_70' title='bbox 1582 1753 1625 1824; x_wconf 90' lang='lat' dir='ltr'>et</span> <span class='ocrx_word' id='word_1_71' title='bbox 1644 1743 1777 1825; x_wconf 81' lang='lat' dir='ltr'>nostri</span> <span class='ocrx_word' id='word_1_72' title='bbox 1807 1743 1930 1853; x_wconf 79' lang='lat' dir='ltr'>sigilli</span> <span class='ocrx_word' id='word_1_73' title='bbox 1962 1772 2035 1827; x_wconf 78' lang='lat' dir='ltr'>eu-</span> 
     </span>
    </p>

    <p class='ocr_par' dir='ltr' id='par_1_3' title="bbox 276 1858 2099 2204">
     <span class='ocr_line' id='line_1_9' title="bbox 276 1858 2036 1972; baseline 0.001 -31"><span class='ocrx_word' id='word_1_74' title='bbox 276 1919 287 1929; x_wconf 81' lang='lat'><strong>·</strong></span> <span class='ocrx_word' id='word_1_75' title='bbox 363 1869 526 1942; x_wconf 87' lang='lat' dir='ltr'>ractere</span> <span class='ocrx_word' id='word_1_76' title='bbox 562 1858 739 1941; x_wconf 83' lang='lat' dir='ltr'>fecimus</span> <span class='ocrx_word' id='word_1_77' title='bbox 776 1861 979 1972; x_wconf 78' lang='lat' dir='ltr'>insigniri.</span> <span class='ocrx_word' id='word_1_78' title='bbox 1030 1859 1192 1943; x_wconf 88' lang='lat' dir='ltr'>Datum</span> <span class='ocrx_word' id='word_1_79' title='bbox 1227 1861 1399 1943; x_wconf 82' lang='lat' dir='ltr'>Rotibor</span> <span class='ocrx_word' id='word_1_80' title='bbox 1430 1889 1505 1970; x_wconf 88' lang='lat' dir='ltr'>per</span> <span class='ocrx_word' id='word_1_81' title='bbox 1534 1886 1687 1944; x_wconf 89' lang='lat' dir='ltr'>manus</span> <span class='ocrx_word' id='word_1_82' title='bbox 1709 1859 1885 1944; x_wconf 88' lang='lat' dir='ltr'>Arnoldi</span> <span class='ocrx_word' id='word_1_83' title='bbox 1904 1861 2036 1943; x_wconf 89' lang='lat' dir='ltr'>nostri</span> 
     </span>
     <span class='ocr_line' id='line_1_10' title="bbox 364 1967 2099 2091; baseline -0.001 -31"><span class='ocrx_word' id='word_1_84' title='bbox 364 1976 558 2085; x_wconf 83' lang='lat' dir='ltr'>Noth&#39;arij</span> <span class='ocrx_word' id='word_1_85' title='bbox 599 1981 751 2061; x_wconf 90' lang='lat' dir='ltr'>summi</span> <span class='ocrx_word' id='word_1_86' title='bbox 762 2039 780 2080; x_wconf 83' lang='lat'>‚.</span> <span class='ocrx_word' id='word_1_87' title='bbox 812 1978 937 2062; x_wconf 85' lang='lat' dir='ltr'>Anno</span> <span class='ocrx_word' id='word_1_88' title='bbox 979 1977 1137 2061; x_wconf 90' lang='lat' dir='ltr'>domini</span> <span class='ocrx_word' id='word_1_89' title='bbox 1176 1977 1312 2064; x_wconf 79' lang='lat' dir='ltr'><strong>MCC.</strong></span> <span class='ocrx_word' id='word_1_90' title='bbox 1353 1967 1545 2062; x_wconf 73' lang='lat' dir='ltr'>LXXX</span> <span class='ocrx_word' id='word_1_91' title='bbox 1567 1989 1720 2091; x_wconf 84' lang='lat' dir='ltr'>quarto</span> <span class='ocrx_word' id='word_1_92' title='bbox 1756 1976 1939 2060; x_wconf 87' lang='lat' dir='ltr'>testibus</span> <span class='ocrx_word' id='word_1_93' title='bbox 1961 1979 2036 2087; x_wconf 89' lang='lat' dir='ltr'>qui</span> <span class='ocrx_word' id='word_1_94' title='bbox 2096 2063 2099 2072; x_wconf 59' lang='grc'>,</span> 
     </span>
     <span class='ocr_line' id='line_1_11' title="bbox 366 2091 2034 2204; baseline 0 -28"><span class='ocrx_word' id='word_1_95' title='bbox 366 2092 544 2176; x_wconf 88' lang='lat' dir='ltr'>aderant</span> <span class='ocrx_word' id='word_1_96' title='bbox 561 2092 670 2177; x_wconf 79' lang='lat' dir='ltr'>infra</span> <span class='ocrx_word' id='word_1_97' title='bbox 692 2097 859 2204; x_wconf 87' lang='lat' dir='ltr'>scriptis</span> <span class='ocrx_word' id='word_1_98' title='bbox 880 2095 1078 2178; x_wconf 82' lang='lat' dir='ltr'>videlicet</span> <span class='ocrx_word' id='word_1_99' title='bbox 1097 2091 1346 2179; x_wconf 85' lang='lat' dir='ltr'>Brenzcone&#39;</span> <span class='ocrx_word' id='word_1_100' title='bbox 1384 2097 1613 2181; x_wconf 90' lang='lat' dir='ltr'>castellano</span> <span class='ocrx_word' id='word_1_101' title='bbox 1649 2095 1840 2179; x_wconf 77' lang='lat' dir='ltr'>descone</span> <span class='ocrx_word' id='word_1_102' title='bbox 1862 2096 2034 2179; x_wconf 79' lang='lat' dir='ltr'>cornino</span> 
     </span>
    </p>

    <p class='ocr_par' dir='ltr' id='par_1_4' title="bbox 237 2210 2036 2440">
     <span class='ocr_line' id='line_1_12' title="bbox 237 2210 2036 2323; baseline 0.001 -30"><span class='ocrx_word' id='word_1_103' title='bbox 237 2289 240 2293; x_wconf 13' lang='grc' dir='ltr'><em>Α</em></span> <span class='ocrx_word' id='word_1_104' title='bbox 364 2211 566 2321; x_wconf 84' lang='lat' dir='ltr'>pribizlao</span> <span class='ocrx_word' id='word_1_105' title='bbox 586 2211 715 2296; x_wconf 84' lang='lat' dir='ltr'>fratre</span> <span class='ocrx_word' id='word_1_106' title='bbox 738 2216 827 2298; x_wconf 88' lang='lat' dir='ltr'>eius</span> <span class='ocrx_word' id='word_1_107' title='bbox 847 2211 1028 2297; x_wconf 81' lang='lat' dir='ltr'>Martino</span> <span class='ocrx_word' id='word_1_108' title='bbox 1049 2223 1323 2321; x_wconf 83' lang='lat' dir='ltr'>procuratore</span> <span class='ocrx_word' id='word_1_109' title='bbox 1342 2215 1510 2300; x_wconf 89' lang='lat' dir='ltr'>domino</span> <span class='ocrx_word' id='word_1_110' title='bbox 1528 2213 1558 2297; x_wconf 82' lang='lat' dir='ltr'>J</span> <span class='ocrx_word' id='word_1_111' title='bbox 1561 2210 1698 2298; x_wconf 89' lang='lat' dir='ltr'>acobo</span> <span class='ocrx_word' id='word_1_112' title='bbox 1715 2222 1759 2294; x_wconf 91' lang='lat' dir='ltr'>et</span> <span class='ocrx_word' id='word_1_113' title='bbox 1774 2211 1866 2321; x_wconf 84' lang='lat' dir='ltr'>ulijs</span> <span class='ocrx_word' id='word_1_114' title='bbox 1883 2239 2036 2323; x_wconf 88' lang='lat' dir='ltr'>quam-</span> 
     </span>
     <span class='ocr_line' id='line_1_13' title="bbox 366 2327 1786 2440; baseline 0.002 -29"><span class='ocrx_word' id='word_1_115' title='bbox 366 2328 569 2440; x_wconf 86' lang='lat' dir='ltr'>pluribus.</span> <span class='ocrx_word' id='word_1_116' title='bbox 1152 2365 1158 2376; x_wconf 60' lang='lat'><strong>¹</strong></span> <span class='ocrx_word' id='word_1_117' title='bbox 1777 2327 1786 2342; x_wconf 71' lang='lat'><em>&#39;</em></span> 
     </span>
    </p>
   </div>
   <div class='ocr_carea' id='block_1_3' title="bbox 646 2760 1762 3102">
    <p class='ocr_par' dir='ltr' id='par_1_5' title="bbox 646 2760 1762 3102">
     <span class='ocr_line' id='line_1_14' title="bbox 1130 2760 1648 2894; baseline 0.035 -18"><span class='ocrx_word' id='word_1_118' title='bbox 1130 2760 1270 2878; x_wconf 77' lang='lat' dir='ltr'>txfl.</span> <span class='ocrx_word' id='word_1_119' title='bbox 1644 2887 1648 2894; x_wconf 82' lang='lat'>.</span> 
     </span>
     <span class='ocr_line' id='line_1_15' title="bbox 646 3012 1762 3102; baseline -0.002 -6"><span class='ocrx_word' id='word_1_120' title='bbox 646 3012 1092 3102; x_wconf 63' lang='lat' dir='ltr'>cresceres-ao</span> <span class='ocrx_word' id='word_1_121' title='bbox 1107 3012 1413 3097; x_wconf 68' lang='lat' dir='ltr'>reorum</span> <span class='ocrx_word' id='word_1_122' title='bbox 1425 3013 1578 3101; x_wconf 76' lang='lat' dir='ltr'>raso</span> <span class='ocrx_word' id='word_1_123' title='bbox 1595 3033 1762 3098; x_wconf 69' lang='lat' dir='ltr'>osso.</span> 
     </span>
    </p>
   </div>
   <div class='ocr_carea' id='block_1_4' title="bbox 365 3243 2038 3466">
    <p class='ocr_par' dir='ltr' id='par_1_6' title="bbox 365 3243 2038 3466">
     <span class='ocr_line' id='line_1_16' title="bbox 365 3243 2033 3340; baseline 0 -18"><span class='ocrx_word' id='word_1_124' title='bbox 365 3251 527 3322; x_wconf 64' lang='lat' dir='ltr'>lenc·</span> <span class='ocrx_word' id='word_1_125' title='bbox 548 3247 650 3319; x_wconf 69' lang='lat' dir='ltr'>mur</span> <span class='ocrx_word' id='word_1_126' title='bbox 670 3243 1682 3340; x_wconf 62' lang='lat' dir='ltr'>umersuanmuoummmusmsumumr</span> <span class='ocrx_word' id='word_1_127' title='bbox 1710 3244 2033 3337; x_wconf 63' lang='lat' dir='ltr'>nubuntur·</span> 
     </span>
     <span class='ocr_line' id='line_1_17' title="bbox 365 3346 2038 3466; baseline -0.001 -40"><span class='ocrx_word' id='word_1_128' title='bbox 365 3349 558 3426; x_wconf 69' lang='lat' dir='ltr'>theudius</span> <span class='ocrx_word' id='word_1_129' title='bbox 579 3347 856 3422; x_wconf 71' lang='lat' dir='ltr'>eumcum</span> <span class='ocrx_word' id='word_1_130' title='bbox 889 3350 1022 3423; x_wconf 73' lang='lat' dir='ltr'>snum</span> <span class='ocrx_word' id='word_1_131' title='bbox 1047 3347 1790 3466; x_wconf 64' lang='lat' dir='ltr'>tutationis-unumstmnum</span> <span class='ocrx_word' id='word_1_132' title='bbox 1810 3346 2038 3424; x_wconf 73' lang='lat' dir='ltr'>sumu·</span> 
     </span>
    </p>
   </div>
   <div class='ocr_carea' id='block_1_5' title="bbox 1102 3450 1353 3556">
    <p class='ocr_par' dir='ltr' id='par_1_7' title="bbox 1102 3450 1353 3556">
     <span class='ocr_line' id='line_1_18' title="bbox 1102 3450 1353 3556; baseline -0.036 -14"><span class='ocrx_word' id='word_1_133' title='bbox 1102 3450 1300 3542; x_wconf 64' lang='lat' dir='ltr'>¹⁸¹th</span> <span class='ocrx_word' id='word_1_134' title='bbox 1343 3549 1353 3556; x_wconf 40' lang='grc'><strong>,</strong></span> 
     </span>
    </p>
   </div>
   <div class='ocr_carea' id='block_1_6' title="bbox 294 3667 2074 4032">
    <p class='ocr_par' dir='ltr' id='par_1_8' title="bbox 294 3667 2074 4032">
     <span class='ocr_line' id='line_1_19' title="bbox 469 3667 2037 3790; baseline -0.006 -18"><span class='ocrx_word' id='word_1_135' title='bbox 469 3688 522 3772; x_wconf 92' lang='lat' dir='ltr'>In</span> <span class='ocrx_word' id='word_1_136' title='bbox 542 3686 711 3769; x_wconf 89' lang='lat' dir='ltr'>nomine</span> <span class='ocrx_word' id='word_1_137' title='bbox 735 3683 891 3767; x_wconf 90' lang='lat' dir='ltr'>domini</span> <span class='ocrx_word' id='word_1_138' title='bbox 914 3710 1050 3766; x_wconf 89' lang='lat' dir='ltr'>amen.</span> <span class='ocrx_word' id='word_1_139' title='bbox 1091 3680 1212 3764; x_wconf 91' lang='lat' dir='ltr'>Bone</span> <span class='ocrx_word' id='word_1_140' title='bbox 1243 3681 1302 3790; x_wconf 89' lang='lat' dir='ltr'>rej</span> <span class='ocrx_word' id='word_1_141' title='bbox 1336 3681 1440 3764; x_wconf 87' lang='lat' dir='ltr'>dare</span> <span class='ocrx_word' id='word_1_142' title='bbox 1459 3667 1700 3765; x_wconf 84' lang='lat' dir='ltr'>consultum</span> <span class='ocrx_word' id='word_1_143' title='bbox 1721 3688 1766 3762; x_wconf 87' lang='lat' dir='ltr'>et</span> <span class='ocrx_word' id='word_1_144' title='bbox 1785 3680 2037 3764; x_wconf 79' lang='lat' dir='ltr'>adiutorium</span> 
     </span>
     <span class='ocr_line' id='line_1_20' title="bbox 370 3797 2074 3915; baseline -0.006 -26"><span class='ocrx_word' id='word_1_145' title='bbox 370 3816 412 3890; x_wconf 90' lang='lat' dir='ltr'>et</span> <span class='ocrx_word' id='word_1_146' title='bbox 430 3805 642 3915; x_wconf 87' lang='lat' dir='ltr'>presentis</span> <span class='ocrx_word' id='word_1_147' title='bbox 659 3803 745 3884; x_wconf 90' lang='lat' dir='ltr'>vite</span> <span class='ocrx_word' id='word_1_148' title='bbox 759 3799 928 3884; x_wconf 88' lang='lat' dir='ltr'>habere</span> <span class='ocrx_word' id='word_1_149' title='bbox 958 3797 1195 3896; x_wconf 86' lang='lat' dir='ltr'>subsidium</span> <span class='ocrx_word' id='word_1_150' title='bbox 1217 3805 1260 3879; x_wconf 90' lang='lat' dir='ltr'>et</span> <span class='ocrx_word' id='word_1_151' title='bbox 1281 3809 1423 3881; x_wconf 88' lang='lat' dir='ltr'>eterne</span> <span class='ocrx_word' id='word_1_152' title='bbox 1460 3800 1815 3882; x_wconf 84' lang='lat' dir='ltr'>remuneracionis</span> <span class='ocrx_word' id='word_1_153' title='bbox 1857 3798 2040 3880; x_wconf 88' lang='lat' dir='ltr'>cernitur</span> <span class='ocrx_word' id='word_1_154' title='bbox 2071 3797 2074 3804; x_wconf 77' lang='grc'><strong>’</strong></span> 
     </span>
     <span class='ocr_line' id='line_1_21' title="bbox 294 3916 2042 4032; baseline -0.006 -25"><span class='ocrx_word' id='word_1_155' title='bbox 294 3979 299 3986; x_wconf 64' lang='grc'><strong>«</strong></span> <span class='ocrx_word' id='word_1_156' title='bbox 368 3924 573 4032; x_wconf 81' lang='lat' dir='ltr'>premium</span> <span class='ocrx_word' id='word_1_157' title='bbox 597 3928 835 4029; x_wconf 81' lang='lat' dir='ltr'>expectare.</span> <span class='ocrx_word' id='word_1_158' title='bbox 873 3919 1026 4002; x_wconf 83' lang='lat' dir='ltr'>Cum...</span> <span class='ocrx_word' id='word_1_159' title='bbox 1046 3916 1259 4000; x_wconf 86' lang='lat' dir='ltr'>beneficia</span> <span class='ocrx_word' id='word_1_160' title='bbox 1275 3918 1515 4025; x_wconf 88' lang='lat' dir='ltr'>principum</span> <span class='ocrx_word' id='word_1_161' title='bbox 1538 3916 1692 4000; x_wconf 86' lang='lat' dir='ltr'>deceat</span> <span class='ocrx_word' id='word_1_162' title='bbox 1713 3941 1808 4000; x_wconf 87' lang='lat' dir='ltr'>esse</span> <span class='ocrx_word' id='word_1_163' title='bbox 1828 3942 2042 4018; x_wconf 77' lang='lat' dir='ltr'>mansure,</span> 
     </span>
    </p>
   </div>
   <div class='ocr_carea' id='block_1_7' title="bbox 245 4170 2169 5090">
    <p class='ocr_par' dir='ltr' id='par_1_9' title="bbox 245 4170 2169 5090">
     <span class='ocr_line' id='line_1_22' title="bbox 474 4170 2041 4261; baseline -0.004 -19"><span class='ocrx_word' id='word_1_164' title='bbox 474 4180 518 4258; x_wconf 81' lang='lat'>(¹)</span> <span class='ocrx_word' id='word_1_165' title='bbox 540 4174 770 4242; x_wconf 76' lang='lat' dir='ltr'>Muczkowski</span> <span class='ocrx_word' id='word_1_166' title='bbox 784 4198 803 4241; x_wconf 91' lang='lat' dir='ltr'>e</span> <span class='ocrx_word' id='word_1_167' title='bbox 816 4174 995 4241; x_wconf 86' lang='lat' dir='ltr'>Tabulario</span> <span class='ocrx_word' id='word_1_168' title='bbox 1009 4174 1147 4261; x_wconf 88' lang='lat' dir='ltr'>publico</span> <span class='ocrx_word' id='word_1_169' title='bbox 1162 4174 1272 4261; x_wconf 82' lang='lat' dir='ltr'>Regni</span> <span class='ocrx_word' id='word_1_170' title='bbox 1286 4173 1479 4259; x_wconf 81' lang='lat' dir='ltr'>descripsit,</span> <span class='ocrx_word' id='word_1_171' title='bbox 1494 4174 1552 4240; x_wconf 90' lang='lat' dir='ltr'>ubi</span> <span class='ocrx_word' id='word_1_172' title='bbox 1567 4174 1602 4240; x_wconf 90' lang='lat' dir='ltr'>in</span> <span class='ocrx_word' id='word_1_173' title='bbox 1616 4173 1712 4239; x_wconf 85' lang='lat' dir='ltr'>libris</span> <span class='ocrx_word' id='word_1_174' title='bbox 1725 4173 1781 4240; x_wconf 86' lang='lat' dir='ltr'>Me</span> <span class='ocrx_word' id='word_1_175' title='bbox 1838 4171 1873 4236; x_wconf 88' lang='lat' dir='ltr'>ki</span> <span class='ocrx_word' id='word_1_176' title='bbox 1887 4170 2041 4238; x_wconf 84' lang='lat' dir='ltr'>koroune</span> 
     </span>
     <span class='ocr_line' id='line_1_23' title="bbox 371 4255 1996 4348; baseline -0.006 -22"><span class='ocrx_word' id='word_1_177' title='bbox 371 4260 470 4342; x_wconf 76' lang='lat' dir='ltr'>dictis</span> <span class='ocrx_word' id='word_1_178' title='bbox 484 4260 602 4325; x_wconf 68' lang='lat' dir='ltr'>votas</span> <span class='ocrx_word' id='word_1_179' title='bbox 642 4259 771 4348; x_wconf 83' lang='lat' dir='ltr'>sg.400</span> <span class='ocrx_word' id='word_1_180' title='bbox 785 4269 819 4324; x_wconf 87' lang='lat' dir='ltr'>et</span> <span class='ocrx_word' id='word_1_181' title='bbox 834 4279 927 4342; x_wconf 86' lang='lat' dir='ltr'>seqq.</span> <span class='ocrx_word' id='word_1_182' title='bbox 942 4268 1132 4326; x_wconf 71' lang='lat' dir='ltr'>assematur</span> <span class='ocrx_word' id='word_1_183' title='bbox 1147 4260 1181 4323; x_wconf 86' lang='lat' dir='ltr'>iu</span> <span class='ocrx_word' id='word_1_184' title='bbox 1192 4267 1401 4345; x_wconf 82' lang='lat' dir='ltr'>transumpto</span> <span class='ocrx_word' id='word_1_185' title='bbox 1427 4258 1609 4324; x_wconf 66' lang='lat' dir='ltr'>Alexandri</span> <span class='ocrx_word' id='word_1_186' title='bbox 1624 4257 1715 4344; x_wconf 86' lang='lat' dir='ltr'>ragis</span> <span class='ocrx_word' id='word_1_187' title='bbox 1753 4278 1798 4321; x_wconf 89' lang='lat' dir='ltr'>uo</span> <span class='ocrx_word' id='word_1_188' title='bbox 1838 4255 1996 4337; x_wconf 82' lang='lat' dir='ltr'>sequitur:</span> 
     </span>
     <span class='ocr_line' id='line_1_24' title="bbox 475 4278 2169 4440; baseline -0.004 -31"><span class='ocrx_word' id='word_1_189' title='bbox 475 4345 569 4410; x_wconf 73' lang='lat'><strong>1506.</strong></span> <span class='ocrx_word' id='word_1_190' title='bbox 593 4282 655 4425; x_wconf 65' lang='lat' dir='ltr'>„fn</span> <span class='ocrx_word' id='word_1_191' title='bbox 681 4339 812 4408; x_wconf 88' lang='lat' dir='ltr'>nomine</span> <span class='ocrx_word' id='word_1_192' title='bbox 839 4343 970 4440; x_wconf 56' lang='lat' dir='ltr'>mini.</span> <span class='ocrx_word' id='word_1_193' title='bbox 989 4365 1094 4407; x_wconf 83' lang='lat' dir='ltr'>amen.</span> <span class='ocrx_word' id='word_1_194' title='bbox 1130 4343 1186 4408; x_wconf 91' lang='lat' dir='ltr'>Ad</span> <span class='ocrx_word' id='word_1_195' title='bbox 1202 4352 1396 4430; x_wconf 82' lang='lat' dir='ltr'>perpetuam</span> <span class='ocrx_word' id='word_1_196' title='bbox 1421 4343 1470 4410; x_wconf 75' lang='lat' dir='ltr'>mi</span> <span class='ocrx_word' id='word_1_197' title='bbox 1494 4342 1694 4407; x_wconf 75' lang='lat' dir='ltr'>memorum.</span> <span class='ocrx_word' id='word_1_198' title='bbox 1731 4278 1817 4437; x_wconf 41' lang='lat' dir='ltr'>idum</span> <span class='ocrx_word' id='word_1_199' title='bbox 1831 4337 1897 4404; x_wconf 76' lang='lat' dir='ltr'>alte</span> <span class='ocrx_word' id='word_1_200' title='bbox 1913 4338 2041 4436; x_wconf 76' lang='lat' dir='ltr'>Regum</span> <span class='ocrx_word' id='word_1_201' title='bbox 2159 4379 2169 4392; x_wconf 53' lang='grc' dir='ltr'>ι</span> 
     </span>
     <span class='ocr_line' id='line_1_25' title="bbox 245 4419 2041 4520; baseline -0.006 -25"><span class='ocrx_word' id='word_1_202' title='bbox 245 4497 281 4520; x_wconf 34' lang='grc' dir='ltr'>Γ</span> <span class='ocrx_word' id='word_1_203' title='bbox 324 4459 330 4466; x_wconf 90' lang='grc'><em>·</em></span> <span class='ocrx_word' id='word_1_204' title='bbox 414 4428 420 4441; x_wconf 88' lang='grc'><strong>’</strong></span> <span class='ocrx_word' id='word_1_205' title='bbox 447 4428 621 4513; x_wconf 86' lang='lat' dir='ltr'>cipumque</span> <span class='ocrx_word' id='word_1_206' title='bbox 648 4426 829 4510; x_wconf 79' lang='lat' dir='ltr'>dignitates</span> <span class='ocrx_word' id='word_1_207' title='bbox 857 4449 1025 4512; x_wconf 79' lang='lat' dir='ltr'>egregiam</span> <span class='ocrx_word' id='word_1_208' title='bbox 1050 4435 1130 4490; x_wconf 88' lang='lat' dir='ltr'>tune</span> <span class='ocrx_word' id='word_1_209' title='bbox 1154 4426 1284 4492; x_wconf 83' lang='lat' dir='ltr'>leudem</span> <span class='ocrx_word' id='word_1_210' title='bbox 1306 4430 1426 4513; x_wconf 79' lang='lat' dir='ltr'>mererj</span> <span class='ocrx_word' id='word_1_211' title='bbox 1443 4435 1632 4493; x_wconf 86' lang='lat' dir='ltr'>censentur.</span> <span class='ocrx_word' id='word_1_212' title='bbox 1648 4419 1724 4489; x_wconf 83' lang='lat' dir='ltr'>dum</span> <span class='ocrx_word' id='word_1_213' title='bbox 1737 4422 1872 4504; x_wconf 82' lang='lat' dir='ltr'>illeque</span> <span class='ocrx_word' id='word_1_214' title='bbox 1886 4443 1948 4506; x_wconf 89' lang='lat' dir='ltr'>per</span> <span class='ocrx_word' id='word_1_215' title='bbox 1963 4421 2041 4485; x_wconf 89' lang='lat' dir='ltr'>olrm</span> 
     </span>
     <span class='ocr_line' id='line_1_26' title="bbox 325 4450 2042 4594; baseline -0.002 -18"><span class='ocrx_word' id='word_1_216' title='bbox 325 4587 327 4594; x_wconf 21' lang='lat' dir='ltr'><em>s</em></span> <span class='ocrx_word' id='word_1_217' title='bbox 369 4450 467 4578; x_wconf 46' lang='lat' dir='ltr'>gups</span> <span class='ocrx_word' id='word_1_218' title='bbox 483 4531 614 4576; x_wconf 72' lang='lat' dir='ltr'>suarum</span> <span class='ocrx_word' id='word_1_219' title='bbox 628 4511 835 4575; x_wconf 78' lang='lat' dir='ltr'>maiestatum</span> <span class='ocrx_word' id='word_1_220' title='bbox 850 4520 1082 4575; x_wconf 83' lang='lat' dir='ltr'>antecessores</span> <span class='ocrx_word' id='word_1_221' title='bbox 1094 4511 1225 4574; x_wconf 79' lang='lat' dir='ltr'>fuerant</span> <span class='ocrx_word' id='word_1_222' title='bbox 1238 4533 1302 4594; x_wconf 92' lang='lat' dir='ltr'>pro</span> <span class='ocrx_word' id='word_1_223' title='bbox 1313 4533 1448 4576; x_wconf 89' lang='lat' dir='ltr'>suorum</span> <span class='ocrx_word' id='word_1_224' title='bbox 1464 4508 1640 4584; x_wconf 74' lang='lat' dir='ltr'>commodo</span> <span class='ocrx_word' id='word_1_225' title='bbox 1656 4504 1863 4573; x_wconf 81' lang='lat' dir='ltr'>subditorum</span> <span class='ocrx_word' id='word_1_226' title='bbox 1878 4526 2042 4574; x_wconf 80' lang='lat' dir='ltr'>concessa</span> 
     </span>
     <span class='ocr_line' id='line_1_27' title="bbox 372 4589 2042 4679; baseline -0.004 -20"><span class='ocrx_word' id='word_1_227' title='bbox 372 4595 495 4662; x_wconf 80' lang='lat' dir='ltr'>scarie</span> <span class='ocrx_word' id='word_1_228' title='bbox 522 4593 698 4659; x_wconf 65' lang='lat' dir='ltr'>vetustatis</span> <span class='ocrx_word' id='word_1_229' title='bbox 724 4592 881 4658; x_wconf 72' lang='lat' dir='ltr'>relevant.</span> <span class='ocrx_word' id='word_1_230' title='bbox 905 4603 973 4657; x_wconf 84' lang='lat' dir='ltr'>tum</span> <span class='ocrx_word' id='word_1_231' title='bbox 987 4592 1090 4657; x_wconf 86' lang='lat' dir='ltr'>multo</span> <span class='ocrx_word' id='word_1_232' title='bbox 1116 4592 1308 4676; x_wconf 86' lang='lat' dir='ltr'>ampliorem</span> <span class='ocrx_word' id='word_1_233' title='bbox 1332 4593 1499 4679; x_wconf 77' lang='lat' dir='ltr'>longeque</span> <span class='ocrx_word' id='word_1_234' title='bbox 1548 4591 1789 4660; x_wconf 65' lang='lat' dir='ltr'>recentiorem</span> <span class='ocrx_word' id='word_1_235' title='bbox 1812 4589 2042 4674; x_wconf 72' lang='lat' dir='ltr'>adipiscuntur</span> 
     </span>
     <span class='ocr_line' id='line_1_28' title="bbox 372 4673 2043 4824; baseline -0.004 -80"><span class='ocrx_word' id='word_1_236' title='bbox 372 4679 449 4746; x_wconf 82' lang='lat' dir='ltr'>dum</span> <span class='ocrx_word' id='word_1_237' title='bbox 466 4687 498 4744; x_wconf 86' lang='lat' dir='ltr'>at</span> <span class='ocrx_word' id='word_1_238' title='bbox 512 4677 576 4743; x_wconf 89' lang='lat' dir='ltr'>hec</span> <span class='ocrx_word' id='word_1_239' title='bbox 591 4698 656 4760; x_wconf 87' lang='lat' dir='ltr'>que</span> <span class='ocrx_word' id='word_1_240' title='bbox 671 4675 706 4742; x_wconf 84' lang='lat' dir='ltr'>in</span> <span class='ocrx_word' id='word_1_241' title='bbox 719 4676 776 4759; x_wconf 78' lang='lat' dir='ltr'>pis</span> <span class='ocrx_word' id='word_1_242' title='bbox 790 4698 893 4761; x_wconf 82' lang='lat' dir='ltr'>opera</span> <span class='ocrx_word' id='word_1_243' title='bbox 903 4695 1135 4824; x_wconf 79' lang='lat' dir='ltr'>personasque</span> <span class='ocrx_word' id='word_1_244' title='bbox 1158 4675 1406 4742; x_wconf 72' lang='lat' dir='ltr'>ecclesiasticos</span> <span class='ocrx_word' id='word_1_245' title='bbox 1431 4679 1519 4742; x_wconf 85' lang='lat' dir='ltr'>mun‘</span> <span class='ocrx_word' id='word_1_246' title='bbox 1546 4701 1584 4744; x_wconf 90' lang='lat' dir='ltr'>ce</span> <span class='ocrx_word' id='word_1_247' title='bbox 1600 4684 1678 4743; x_wconf 86' lang='lat' dir='ltr'>sunt</span> <span class='ocrx_word' id='word_1_248' title='bbox 1693 4683 1832 4763; x_wconf 72' lang='lat' dir='ltr'>erogata</span> <span class='ocrx_word' id='word_1_249' title='bbox 1855 4673 2043 4758; x_wconf 79' lang='lat' dir='ltr'>approbent</span> 
     </span>
     <span class='ocr_line' id='line_1_29' title="bbox 374 4758 2040 4846; baseline -0.003 -17"><span class='ocrx_word' id='word_1_250' title='bbox 374 4774 409 4828; x_wconf 87' lang='lat' dir='ltr'>et</span> <span class='ocrx_word' id='word_1_251' title='bbox 422 4786 462 4829; x_wconf 78' lang='lat' dir='ltr'>ee</span> <span class='ocrx_word' id='word_1_252' title='bbox 476 4784 539 4846; x_wconf 82' lang='lat' dir='ltr'>que</span> <span class='ocrx_word' id='word_1_253' title='bbox 556 4762 699 4827; x_wconf 88' lang='lat' dir='ltr'>obscure</span> <span class='ocrx_word' id='word_1_254' title='bbox 714 4760 889 4842; x_wconf 79' lang='lat' dir='ltr'>minusque</span> <span class='ocrx_word' id='word_1_255' title='bbox 916 4759 1012 4824; x_wconf 82' lang='lat' dir='ltr'>acide</span> <span class='ocrx_word' id='word_1_256' title='bbox 1029 4760 1156 4842; x_wconf 81' lang='lat' dir='ltr'>scripta</span> <span class='ocrx_word' id='word_1_257' title='bbox 1177 4768 1271 4824; x_wconf 81' lang='lat' dir='ltr'>erant</span> <span class='ocrx_word' id='word_1_258' title='bbox 1287 4783 1329 4824; x_wconf 90' lang='lat' dir='ltr'>ne</span> <span class='ocrx_word' id='word_1_259' title='bbox 1343 4760 1560 4843; x_wconf 85' lang='lat' dir='ltr'>imposterum</span> <span class='ocrx_word' id='word_1_260' title='bbox 1585 4760 1710 4844; x_wconf 88' lang='lat' dir='ltr'>aliquid</span> <span class='ocrx_word' id='word_1_261' title='bbox 1734 4758 1957 4845; x_wconf 83' lang='lat' dir='ltr'>ambiguitatis</span> <span class='ocrx_word' id='word_1_262' title='bbox 1982 4780 2040 4843; x_wconf 88' lang='lat' dir='ltr'>pa·</span> 
     </span>
     <span class='ocr_line' id='line_1_30' title="bbox 371 4841 2044 4932; baseline -0.001 -19"><span class='ocrx_word' id='word_1_263' title='bbox 371 4847 459 4913; x_wconf 71' lang='lat' dir='ltr'>riunt</span> <span class='ocrx_word' id='word_1_264' title='bbox 473 4846 628 4932; x_wconf 82' lang='lat' dir='ltr'>apereius</span> <span class='ocrx_word' id='word_1_265' title='bbox 643 4844 823 4910; x_wconf 80' lang='lat' dir='ltr'>declarent.</span> <span class='ocrx_word' id='word_1_266' title='bbox 860 4844 964 4927; x_wconf 79' lang='lat' dir='ltr'>quue</span> <span class='ocrx_word' id='word_1_267' title='bbox 979 4853 1016 4908; x_wconf 80' lang='lat' dir='ltr'>ut</span> <span class='ocrx_word' id='word_1_268' title='bbox 1030 4841 1213 4907; x_wconf 70' lang='lat' dir='ltr'>immortale</span> <span class='ocrx_word' id='word_1_269' title='bbox 1239 4843 1387 4932; x_wconf 77' lang='lat' dir='ltr'>posteris</span> <span class='ocrx_word' id='word_1_270' title='bbox 1402 4841 1462 4908; x_wconf 81' lang='lat' dir='ltr'>fiet</span> <span class='ocrx_word' id='word_1_271' title='bbox 1476 4844 1602 4929; x_wconf 68' lang='lat' dir='ltr'>Sigidis</span> <span class='ocrx_word' id='word_1_272' title='bbox 1621 4847 1767 4910; x_wconf 75' lang='lat' dir='ltr'>autentis</span> <span class='ocrx_word' id='word_1_273' title='bbox 1781 4843 1865 4926; x_wconf 74' lang='lat' dir='ltr'>(sio)</span> <span class='ocrx_word' id='word_1_274' title='bbox 1890 4842 2044 4912; x_wconf 62' lang='lat' dir='ltr'>tostinus</span> 
     </span>
     <span class='ocr_line' id='line_1_31' title="bbox 372 4925 2043 5015; baseline -0.004 -17"><span class='ocrx_word' id='word_1_275' title='bbox 372 4952 436 5014; x_wconf 78' lang='lat' dir='ltr'>que</span> <span class='ocrx_word' id='word_1_276' title='bbox 449 4930 516 4996; x_wconf 80' lang='lat' dir='ltr'>fide</span> <span class='ocrx_word' id='word_1_277' title='bbox 532 4925 709 5015; x_wconf 83' lang='lat' dir='ltr'>dignorum</span> <span class='ocrx_word' id='word_1_278' title='bbox 723 4928 945 4994; x_wconf 78' lang='lat' dir='ltr'>muotacioue</span> <span class='ocrx_word' id='word_1_279' title='bbox 960 4927 1176 5011; x_wconf 76' lang='lat' dir='ltr'>perhennem.</span> <span class='ocrx_word' id='word_1_280' title='bbox 1214 4926 1363 4994; x_wconf 75' lang='lat' dir='ltr'>Proinde</span> <span class='ocrx_word' id='word_1_281' title='bbox 1378 4949 1444 4993; x_wconf 85' lang='lat' dir='ltr'>nos</span> <span class='ocrx_word' id='word_1_282' title='bbox 1459 4927 1662 4996; x_wconf 63' lang='lat' dir='ltr'>Allexerder</span> <span class='ocrx_word' id='word_1_283' title='bbox 1676 4929 1757 5009; x_wconf 88' lang='lat' dir='ltr'>(sio)</span> <span class='ocrx_word' id='word_1_284' title='bbox 1770 4927 1827 4996; x_wconf 84' lang='lat' dir='ltr'>dei</span> <span class='ocrx_word' id='word_1_285' title='bbox 1841 4926 1958 5012; x_wconf 78' lang='lat' dir='ltr'>gracia</span> <span class='ocrx_word' id='word_1_286' title='bbox 1969 4926 2043 4994; x_wconf 76' lang='lat' dir='ltr'>Ber</span> 
     </span>
     <span class='ocr_line' id='line_1_32' title="bbox 466 5027 1917 5090; baseline -0.003 -17"><span class='ocrx_word' id='word_1_287' title='bbox 466 5031 545 5073; x_wconf 76' lang='lat' dir='ltr'>rm</span> <span class='ocrx_word' id='word_1_288' title='bbox 558 5030 596 5071; x_wconf 86' lang='lat' dir='ltr'>ru</span> <span class='ocrx_word' id='word_1_289' title='bbox 1235 5081 1237 5088; x_wconf 13' lang='lat' dir='ltr'>p</span> <span class='ocrx_word' id='word_1_290' title='bbox 1879 5027 1917 5090; x_wconf 74' lang='lat' dir='ltr'>lg</span> 
     </span>
    </p>
   </div>
   <div class='ocr_carea' id='block_1_8' title="bbox 0 0 2718 6308">
    <p class='ocr_par' dir='ltr' id='par_1_10' title="bbox 0 0 2718 6308">
     <span class='ocr_line' id='line_1_33' title="bbox 0 0 2718 6308; baseline 0 0"><span class='ocrx_word' id='word_1_291' title='bbox 0 0 2718 6308; x_wconf 95' lang='lat' dir='ltr'> </span> 
     </span>
    </p>
   </div>
  </div>
 </body>
</html>
