5409 6309
1398 773 1792 893 -ιιι-’

707 1055 754 1111 re
772 989 1039 1138 presentium,
1060 1019 1215 1133 quibus
1237 1020 1408 1133 expedit
1436 1022 1644 1107 uniuersis
1677 1016 1958 1131 presentibus
1976 1027 2019 1103 et
2037 1014 2187 1103 firturis
2209 1018 2383 1106 harum·

708 1148 908 1231 noticiam
929 1141 1148 1227 habituris.
1197 1140 1307 1243 Quia
1339 1140 1524 1226 exhibite
1560 1149 1660 1224 sunt
1695 1166 1837 1225 coram
1872 1136 1994 1224 nobis
2016 1136 2072 1223 ab
2093 1137 2240 1223 ineolis
2282 1167 2362 1224 seu

709 1264 974 1350 cmetonibus
994 1261 1092 1346 ville
1111 1258 1453 1345 Krzizaaowr'crc
1440 1290 1484 1343 ιιι
1507 1259 1635 1370 Capit
1636 1266 1763 1342 aneat
1746 1260 1869 1344 Nu
1871 1286 1949 1344 ove
1971 1256 2167 1344 Ciuitatis
2192 1254 2359 1343 Corona

707 1386 818 1490 sitte,
841 1383 1062 1469 occasione
1084 1380 1363 1464 ordinacionis
1385 1406 1461 1462 seu
1482 1378 1796 1464 constitucionis
1812 1377 2034 1462 laborum
2022 1380 2161 1461 mter
2149 1403 2264 1488 rpsos
2285 1405 2358 1464 co·

705 1504 820 1590 lones
842 1500 938 1616 (sic)
960 1510 1003 1583 et
1023 1507 1237 1583 emetones
1273 1498 1370 1582 ville
1394 1495 1683 1598 Crzr‘roaoor'czc
1719 1505 1763 1579 et
1796 1498 2055 1609 prepositum
2090 1498 2276 1607 ipsorum
2307 1498 2359 1581 de

705 1624 864 1708 ibidem
884 1620 997 1704 facte
1015 1645 1093 1728 per
1115 1614 1379 1703 Generosum
1415 1618 1628 1728 quondam
1648 1614 1870 1702 Albertum
1891 1615 2044 1701 Malslri
2065 1614 2359 1701 Castellanum

705 1743 1026 1829 Lanciciensem
1047 1746 1090 1820 et
1110 1735 1392 1846 Oapitaneum
1412 1738 1453 1821 N
1456 1765 1536 1820 ove
1558 1735 1756 1821 Ciuitatis
1775 1732 1945 1840 Corczin,
1981 1735 2358 1847 supplicatumque

706 1872 773 1946 est
791 1860 912 1947 nobis
931 1856 1097 1942 humilit
1080 1866 1144 1939 ter
1179 1858 1363 1965 ipsorum
1400 1855 1641 1941 colonorum
1676 1857 1858 1958 nomine,
1896 1865 1946 1938 ut
1981 1854 2153 1939 easdem
2192 1853 2355 1939 litteras

706 1979 965 2082 confirmare,
1006 1975 1253 2086 approbare,
1288 1974 1586 2084 ratificareque
1610 2002 1680 2059 eas
1704 1975 1998 2139 dignaremus,
2024 2001 2206 2087 quarum
2240 1983 2360 2060 tenor

705 2101 896 2214 sequitur
914 2095 1169 2179 huiusmodi.

812 2221 945 2304 1435.
954 2211 1041 2300 Nos
1050 2213 1253 2298 Albertus
1265 2211 1418 2298 Malslu
1427 2212 1514 2298 Oas
1518 2212 1696 2296 tellanus
1712 2212 1999 2298 Lanciciensis
2015 2210 2220 2322 Magister
2229 2210 2357 2296 Curre

704 2333 868 2476 Regiae
890 2335 1073 2438 Pelonie,
1094 2333 1237 2417 Tenut
1220 2333 1350 2415 tarius
1372 2331 1729 2441 Dopschiczensis
1753 2360 1776 2416 e
1777 2329 2072 2442 thpitaneus
2094 2329 2216 2415 Nove
2239 2330 2354 2416 Ciui-

703 2458 816 2541 tatis
850 2452 1149 2591 significamus
1169 2461 1315 2536 tenore
1334 2451 1591 2561 presentium
1613 2450 1805 2537 omnibus
1829 2461 1873 2533 et
1893 2450 2069 2563 singulis
2089 2449 2354 2562 presentibus
2438 2507 2442 2522 ·

707 2586 751 2661 et
784 2575 932 2658 futuris
968 2572 1165 2655 noticiam
1198 2570 1455 2681 presentium
1490 2568 1611 2653 habit
1594 2571 1696 2654 turis
1731 2571 1952 2654 uniuersis.
2000 2565 2223 2707 Quomodo
2262 2598 2359 2653 cum

704 2694 870 2809 prouidi
891 2719 1097 2778 omnese
1075 2689 1303 2802 etsinguli
1338 2689 1592 2801 oppidani
1559 2718 1649 2772 siue
1688 2689 1825 2774 incole
1846 2689 1983 2774 tocius
2004 2687 2155 2772 ville
2122 2715 2212 2771 siue
2234 2689 2356 2799 oppi-
2335 2737 2360 2753 -·

706 2815 749 2899 di
767 2810 1078 2897 Krzizuaoroicre
1100 2807 1153 2921 ι)
1191 2809 1245 2891 ab
1267 2837 1354 2891 una
1392 2818 1434 2891 et
1416 2806 1759 2893 tHonorabilis
1783 2836 1834 2892 ao
1876 2806 2118 2919 Religiosus
2160 2805 2369 2892 dominus·

705 2933 896 3018 Thomas
917 2930 1074 3012 ibidem
1096 2928 1147 3011 de
1171 2926 1467 3012 Krzt'zonovicze
1487 2929 1725 3038 prepositus
1736 2956 1788 3012 ex
1800 2924 2144 3036 alterapartibus,
2158 2926 2202 3007 in
2220 2925 2355 3040 in(sic

539 3135 543 3142 .
702 3050 789 3161 bis)
807 3047 1023 3133 laboribus
1046 3057 1088 3129 et
1106 3049 1150 3129 in
1171 3046 1261 3130 aliis
1282 3047 1338 3132 ad
1360 3047 1653 3132 obedienciam
1674 3046 1894 3131 iuridicam
1913 3044 2220 3157 pertinentibus
2247 3045 2355 3131 inter

704 3199 750 3255 se
780 3198 813 3258 ¹a
847 3167 1066 3253 retroactis
1094 3165 1354 3276 temporibus
1393 3166 1745 3272 discordarentur.
1795 3166 1864 3250 Ita
1885 3173 2040 3271 tamen,
2076 3163 2194 3277 quod
2231 3165 2357 3251 ambe

705 3298 851 3401 partes
871 3287 1062 3397 predicte
1100 3287 1145 3368 in
1173 3284 1249 3368 tali
1271 3286 1481 3372 discordia
1515 3286 1571 3367 ad
1602 3312 1678 3370 nos
1710 3285 1851 3396 sepius
1889 3284 2174 3388 confluebant,
2194 3284 2358 3369 literam

704 3406 1007 3521 priuilegialem
1028 3403 1313 3508 ostendentes,
1334 3406 1642 3518 cupientesque
1663 3414 1706 3489 et
1724 3413 1918 3514 petentes
1938 3430 2101 3518 pernes
2113 3403 2217 3515 ipsis
2238 3404 2357 3489 unio·

706 3556 803 3612 nem
837 3526 1031 3610 labomm
1068 3533 1110 3605 et
1129 3522 1303 3607 aliarum
1320 3524 1620 3624 discordiarum
1657 3524 1832 3609 inveniri
1850 3534 1892 3607 et
1905 3524 2129 3608 terminari.
2162 3522 2356 3607 Tandem

705 3674 781 3731 nos
802 3645 987 3757 ipsorum
1007 3642 1242 3752 predictam
1264 3643 1516 3727 discordiam
1536 3642 1847 3753 perpendentes
1885 3651 1928 3726 et
1963 3641 2076 3726 diem
2111 3650 2269 3727 certum
2290 3643 2355 3726 vi·

708 3765 859 3847 delicet
878 3766 970 3872 ipso
994 3762 1061 3842 die
1084 3761 1181 3845 date
1201 3764 1406 3872 presentis
1427 3763 1529 3873 ipsis
1561 3764 1843 3874 assignantes,
1880 3771 1923 3845 et
1943 3760 2206 3874 Magnificos,
2239 3758 2356 3846 Stre-

705 3908 825 3983 nuos,
859 3910 910 3965 ac
930 3878 1106 3965 Nobiles
1141 3882 1252 3965 viros
1272 3878 1470 3964 videlicet
1495 3878 1708 3965 «Ioannem
1731 3881 1782 3962 de
1806 3880 1974 3995 Sprowu
1990 3880 2193 3966 'Judicem
2215 3888 2258 3964 et
2276 3878 2356 3965 Jo-

706 4029 860 4086 annem
881 3999 1039 4082 dictum
1074 3999 1293 4082 Βοιιιιιαιιι
1325 3999 1376 4082 de
1400 3997 1530 4110 Conya
1565 3998 1829 4084 subindicem
1866 4011 1975 4084 terre
2005 3999 2355 4087 Sandomiriensie

705 4120 938 4234 generales,
959 4147 1040 4202 nec
1060 4117 1145 4203 non
1164 4119 1335 4203 Petrum
1359 4117 1574 4216 Chelmski
1595 4111 1884 4205 Castellanum
1904 4120 2237 4205 Polanecensem
2258 4147 2356 4204 cum
2396 4122 2400 4130 ’

704 4241 795 4326 aliis
815 4240 1056 4349 infrascript
1039 4240 1092 4321 tis
1112 4238 1292 4322 testibus
1313 4247 1515 4321 vocantes
1551 4246 1595 4320 et
1627 4239 1868 4351 specialiter
1902 4248 2098 4353 petentes
2133 4238 2354 4325 nobiscum

704 4373 909 4472 tanquam
929 4384 1005 4469 pro
1026 4357 1224 4442 tribunali
1243 4357 1439 4462 residere,
1462 4366 1506 4441 et
1523 4359 1713 4469 partes
1702 4388 1786 4443 ram
1818 4361 1906 4443 dict
1889 4370 1954 4441 tas
1988 4358 2033 4441 in
2063 4360 2250 4471 ipsorum
2271 4358 2355 4441 dis·

640 4567 643 4574 ,
706 4481 857 4565 cordiis
880 4478 1078 4562 exaudire
1100 4487 1143 4560 et
1163 4478 1363 4561 iudicare.
1424 4478 1551 4562 Tunc
1570 4477 1692 4598 nobis
1714 4477 2025 4589 presidentibus
2055 4479 2224 4584 iudicio,
2258 4503 2355 4587 pre·

707 4598 808 4680 dicti
827 4598 965 4682 incole
986 4625 1161 4681 causam
1183 4626 1286 4709 erga
1307 4597 1520 4682 dominum
1540 4577 1801 4708 prepositum
1821 4598 2161 4711 multiplicantes,
2190 4598 2352 4682 literam

703 4716 910 4828 priuilegii
935 4726 976 4798 et
994 4720 1126 4827 prime
1148 4717 1430 4852 arbitrationis
1452 4715 1531 4800 sub
1553 4716 1722 4828 publico
1753 4719 2030 4804 instrumento
2052 4716 2354 4823 confirmatam,

808 4967 847 5050 ι’)
871 4966 923 5033 De
938 4965 1015 5034 villa
1030 4968 1260 5056 Knyiuaewicc
1272 4969 1338 5054 jam
1353 4990 1464 5054 supra.
