5409 6309
1325 834 1603 905 *224-

486 1070 490 1081 '
629 1054 783 1139 stabile
804 1052 1019 1160 roburque
1041 1056 1274 1158 perpetuae
1294 1047 1505 1130 firmitatis
1524 1048 1747 1132 obtinere.
1799 1051 1982 1134 Proinde
2001 1054 2093 1138 Nos
2119 1055 2302 1143 Oasimi·

627 1201 698 1255 rus
721 1171 802 1251 Dei
824 1166 973 1255 Gratia
994 1167 1087 1251 Rex
1106 1166 1308 1249 Poloniae
1344 1175 1490 1250 notum
1521 1164 1699 1250 facimus
1721 1170 1936 1250 universis
1950 1179 2039 1253 tam
2060 1182 2296 1282 praesenti-

627 1292 706 1372 bus
729 1314 861 1397 quam
880 1283 1029 1397 sunnis
1051 1287 1163 1367 hanc
1184 1285 1371 1367 Literam
1391 1286 1668 1391 inspecturis,
1699 1286 1816 1396 quod
1849 1288 2066 1395 cupientes
2089 1292 2313 1376 utilitates
2402 1355 2431 1397 ,-

360 1490 368 1507 ,
452 1434 457 1441 “
602 1402 768 1520 Regni
802 1398 937 1490 nostri
955 1432 1032 1512 per
1054 1403 1232 1510 amplius
1264 1402 1477 1509 ampliare,
1500 1403 1552 1483 de
1576 1400 1737 1511 Sylvis,
1761 1403 1813 1483 de
1836 1404 1992 1513 quibus
2024 1408 2159 1493 Nobis
2180 1412 2299 1494 nulla

624 1526 821 1634 paenitus
840 1523 1012 1606 utilitas*
1031 1519 1327 1631 proveniebat,
1350 1519 1533 1602 discreto
1565 1518 1665 1603 Viro
1698 1517 1867 1609 daccbo
1899 1524 2048 1607 damus
2080 1524 2233 1609 Villam
2252 1530 2296 1610 in
2333 1555 2341 1563 ·

625 1640 755 1725 fluvio
793 1643 908 1725 dicto
945 1637 1090 1721 Libum
1126 1638 1231 1722 Jure
1269 1637 1537 1722 Theutonico
1577 1639 1692 1749 quod
1714 1637 2100 1751 'Magdeburgense
2134 1646 2296 1749 dicibu,

623 1755 795 1843 locandi
831 1757 1114 1844 omnimodam
1150 1762 1427 1865 potestatem.
1486 1752 1608 1854 Quae
1645 1754 1755 1857 Villa
1789 1757 1968 1858 habebit
2001 1759 2108 1841 infre
2137 1762 2293 1845 limites
2408 1787 2413 1795 ·

490 1940 498 1949 .
627 1872 812 1960 Centum
848 1874 1012 1985 Viginti
1045 1874 1240 1978 Mausos,
1271 1874 1322 1956 In
1344 1899 1432 1980 qua
1467 1866 1582 1956 Villa
1616 1874 1778 1959 ratione
1814 1875 2036 1965 locationis
2071 1879 2291 1987 praedicto

626 1993 806 2094 Jacobo-
819 2002 861 2075 et
881 1993 1068 2078 Posteris
1088 1991 1230 2101 Ipsius
1254 1993 1404 2074 damus
1444 1990 1694 2093 Scultetiam
1724 2000 1930 2103 perpetuo
1953 2004 1995 2075 et
2016 1993 2123 2077 Jure
2142 1996 2295 2081 haere·

570 2176 575 2191 .
627 2112 776 2195 ditario
796 2110 1331 2212 tenendam,·habendam,
1362 2109 1685 2221 possidendam,
1718 2109 1989 2215 donandam,
2010 2113 2293 2217 vendendam,

625 2230 968 2312 commutandam
989 2256 1065 2335 pro
1090 2227 1179 2312 Sua
1197 2239 1239 2310 et
1254 2228 1436 2313 Suorum
1459 2236 1722 2332 posterorum
1744 2228 1926 2311 utilitate
1949 2232 2291 2315 convertendam.
2347 2282 2351 2303 ι

627 2345 707 2430 Oui
729 2347 924 2432 Sculteto
948 2355 991 2428 et
1013 2346 1127 2429 Suae
1157 2346 1395 2454 posteritati
1414 2344 1577 2428 ,damus
1611 2355 1815 2454 perpetuo
1839 2341 1948 2430 Octo
1969 2346 2142 2432 Mausos
2163 2348 2315 2439 Libe·v

624 2491 713 2568 ros,
732 2465 876 2578 Etiam
897 2493 972 2574 pro
993 2463 1191 2546 Ecclesia
1220 2493 1351 2545 unum
1384 2462 1582 2545 Mansum
1604 2474 1647 2545 et
1668 2464 1797 2567 alium
1817 2490 1894 2572 pro
1915 2465 2118 2573 pellendo,
2146 2492 2293 2578 grege,

390 2600 393 2613 ·
503 2610 507 2617 ’
626 2583 701 2693 qui
721 2583 954 2693 vulgariter
986 2579 1172 2665 Skotuicu
1193 2582 1345 2662 dicitur
1365 2581 1519 2664 liberos
1542 2608 1657 2664 more
1678 2582 1897 2689 praedicto
1928 2580 2295 2693 Magdeburgensi

625 2710 913 2805 mensuratos,
955 2696 1200 2801 Molendina
1236 2707 1514 2810 quotcunque
1534 2700 1680 2807 potest
1700 2697 1842 2781 facere
1861 2700 1904 2780 in
1924 2701 2052 2782 fluvio
2072 2702 2293 2809 praedicto

625 2813 733 2898 infra
764 2818 919 2919 limites
954 2818 1092 2899 dictae
1124 2814 1372 2900 hereditatis
1393 2816 1547 2920 libera,
1571 2818 1684 2909 dicto
1707 2815 1903 2909 Sc'ulteto
1926 2825 1969 2899 et
1990 2814 2087 2900 Suis
2110 2816 2292 2901 Succes-

625 2936 790 3016 soribus
829 2936 977 3019 damus
1016 2935 1239 3045 Cameram
1270 2935 1432 3018 Panum
1465 2962 1541 3032 seu
1575 2936 1784 3044 pistorum
1821 2934 2065 3017 Tabernam
2098 2934 2291 3036 liberam,

550 3124 555 3137 .
624 3051 852 3136 Macellum
888 3055 1078 3137 carnium
1100 3082 1177 3136 seu
1199 3053 1424 3137 Cameram
1459 3051 1783 3156 Brascatorum,
1820 3052 2045 3137 Gameram
2077 3052 2292 3156 Sutorum,
2388 3156 2392 3165 Ι

623 3168 836 3252 Piscinam
855 3172 1033 3254 liberam
1052 3173 1096 3252 in
1116 3170 1227 3254 Villa
1247 3173 1316 3255 vel
1335 3180 1456 3253 extra
1474 3170 1635 3273 villam,
1668 3169 1747 3255 Oui
1781 3170 1972 3257 Sculteto
1993 3179 2039 3282 ¹et
2060 3164 2291 3256 Successo-

623 3287 740 3372 ribus
763 3288 902 3394 Ipsius
922 3289 1068 3371 licebit
1087 3289 1243 3395 piscari
1264 3293 1404 3398 pisces
1425 3287 1577 3391 libere,
1600 3295 1784 3399 quatuor
1805 3289 1950 3372 hortos
1970 3288 2146 3393 liberos,
2182 3290 2290 3371 Item

624 3404 774 3486 damus
797 3405 888 3490 Sibi
909 3414 952 3488 et
974 3406 1071 3491 Suis
1092 3408 1277 3491 Posteris
1308 3414 1515 3516 perpetuo
1546 3408 1716 3488 tertium
1739 3406 2031 3489 denariumde
2046 3405 2226 3504 ,Judicio
2249 3408 2290 3488 in

621 3526 769 3631 poenis
791 3533 881 3606 tam
896 3525 1065 3636 Magnis
1088 3550 1217 3636 quam
1237 3527 1402 3634 parvis,
1439 3523 1605 3606 duobus
1638 3520 1846 3606 duntaxat
1873 3526 2113 3608 reservatis
2163 3523 2221 3605 Et
2240 3533 2288 3606 ut

623 3640 740 3724 dicta
760 3642 870 3725 Villa
891 3671 940 3726 eo
964 3643 1087 3723 citius
1124 3643 1259 3751 possit
1291 3642 1422 3726 locari
1453 3636 1663 3723 Omnibus
1687 3652 1730 3747 et
1751 3642 1938 3753 Singulis
1971 3641 2290 3744 Omethonibus,

624 3761 761 3867 quiin
782 3760 885 3868 Ipsa
919 3758 1173 3844 locabuntur
1209 3789 1235 3843 a
1257 3760 1359 3842 data
1395 3758 1766 3850 Praesentiumad
1786 3760 1938 3870 viginti
1959 3786 2094 3844 annos
2131 3788 2157 3841 a
2178 3757 2292 3842 solu-

623 3877 736 3958 tione
760 3876 934 3981 Oensus
951 3886 993 3961 ct
1011 3877 1205 3965 Servicio
1228 3879 1379 3961 damus
1400 3886 1444 3959 et
1456 3872 1668 3988 largimur
1705 3871 2003 3987 Omnimodam
2038 3878 2291 3961 libertatem.

535 3995 541 3999 ’
624 3991 723 4093 Qua
744 3994 890 4103 elapsa
911 4004 1014 4079 tunc
1037 3995 1293 4093 Omethones
1331 3995 1655 4107 singulisannis
1676 4004 1884 4106 perpetuo
1916 3994 2078 4107 scilicet
2098 3996 2141 4076 in
2162 3993 2292 4077 Festo

623 4111 777 4198 Sancti
794 4114 966 4197 Martini
987 4115 1040 4200 de
1062 4114 1254 4226 quolibet
1273 4115 1423 4198 Mauso
1444 4140 1521 4221 pro
1544 4112 1688 4197 Oensu
1707 4142 1784 4224 per
1805 4111 1916 4219 Octo
1932 4111 2088 4229 Scotos
2110 4110 2306 4201 Grosso,

524 4242 529 4247 '
620 4258 715 4313 rum
736 4232 922 4338 solvent,
945 4242 988 4314 et
1008 4260 1084 4342 pro
1108 4233 1273 4317 decima
1294 4234 1362 4315 cui
1386 4230 1610 4315 debebitur
1628 4260 1704 4340 per
1723 4232 1961 4316 Fertonem.
1998 4229 2068 4314 Ad
2088 4231 2170 4311 tria
2190 4256 2294 4312 vero

621 4347 794 4432 Judicia
831 4350 993 4463 Magna
1029 4379 1142 4463 quae
1163 4360 1227 4433 ter
1246 4353 1290 4434 in
1310 4351 1435 4434 Anno
1456 4349 1548 4431 fieri
1571 4354 1918 4453 consueverunt,¹
1936 4356 2081 4433 nostro
2116 4346 2290 4449 Nuntio,

446 4516 455 4533 ·
566 4588 572 4597 Ι
623 4469 828 4578 quemad
848 4469 932 4553 hoc
952 4470 1168 4554 mittemus
1193 4469 1341 4554 Unum
1372 4464 1837 4593 prandium·Stheb1s
1859 4476 1904 4552 et
1918 4466 2007 4549 duo
2030 4464 2293 4551 Omethoncs

622 4724 627 4729 ·
727 4702 771 4781 (¹)
791 4698 894 4784 Apud
908 4699 1148 4769 Wolar'rscium:
1172 4702 1287 4769 Ladas.
1305 4701 1441 4767 Libasza
1467 4698 1546 4763 villa
1560 4707 1614 4764 est
1627 4697 1826 4784 parochialis
1853 4698 1918 4785 sita
1934 4697 1969 4763 in
1990 4696 2135 4779 antiqua
2155 4693 2292 4792 ‘regione

624 4782 792 4865 Biecensi,
808 4804 894 4849 nunc
909 4807 990 4851 vero
1005 4787 1041 4852 in
1056 4787 1211 4868 Jaslensi,
1234 4786 1321 4851 inter
1344 4784 1470 4870 oppida
1499 4784 1593 4850 Bisa
1608 4792 1642 4848 et
1658 4778 1787 4851 Oortirc.
1823 4782 1960 4848 Flavius
1976 4781 2081 4847 Latus
2096 4800 2179 4845 vero
2193 4801 2229 4842 m
2241 4785 2296 4842 ta*

623 4864 699 4932 bula
714 4876 923 4946 memoratus,
939 4870 1065 4937 rivulus
1081 4881 1144 4950 est,
1161 4872 1254 4954 cujus
1272 4870 1392 4935 ostium
1408 4869 1442 4933 in
1456 4868 1552 4951 Rapa
1577 4867 1764 4954 proximum
1778 4867 1875 4934 villae
1891 4869 2036 4935 Libum,
2052 4908 2053 4913 κ
2072 4864 2125 4931 De
2144 4859 2298 4930 scultetis

621 4950 719 5038 hujus
734 4949 832 5019 villae
850 4953 969 5020 confer
982 4954 1203 5041 privilegium,
1225 4952 1317 5036 quod
1330 4952 1458 5019 edimus
1473 4954 1564 5016 intra
1575 4950 1635 5016 sub
1654 4973 1682 5015 a
1698 4953 1791 5017 1420.
2007 4988 2011 4999 ι
2267 4962 2285 4999 s

1641 5168 1646 5177 ι
1963 5176 1965 5178 ,

1612 5314 1616 5322 ι
