5409 6309
976 812 1328 892 ⁸-ddd-

365 1029 408 1104 et
429 1016 598 1128 dominij
635 1014 818 1132 penittus
855 1013 953 1129 (sic)
989 1016 1262 1121 reseruand0‚
1299 1016 1526 1129 magnifico
1559 1016 1726 1103 domino
1760 1015 1922 1103 Mathie
1959 1016 2012 1101 de

363 1135 569 1254 Bijelawrj
589 1133 819 1222 castellano
840 1133 1101 1218 brzezinensi
1121 1163 1197 1246 pro
1219 1138 1406 1218 tricentis
1427 1138 1578 1219 marcis
1610 1136 1793 1221 melioris
1813 1135 2011 1220 monethe

362 1269 462 1374 post
481 1257 579 1371 (sic)
602 1281 772 1367 grossos
792 1253 1036 1365 polonicalis
1059 1252 1155 1365 (sic)
1179 1264 1223 1337 et
1242 1256 1405 1339 numeri
1426 1258 1618 1341 consueti
1639 1256 1839 1358 eiusdem,
1848 1255 2011 1350 „videli-

363 1391 431 1466 cet
453 1374 738 1489 quadraginta
767 1381 864 1457 octo
886 1398 1055 1484 grossos
1086 1374 1129 1454 in
1161 1372 1394 1485 quamlibet
1427 1401 1613 1459 marcam
1649 1373 1934 1485 computando
1971 1382 2014 1456 et

363 1526 439 1612 pro
457 1523 567 1606 equo
588 1497 632 1577 in
652 1493 797 1578 valore
819 1492 968 1600 viginti
988 1518 1236 1597 marcarum,
1258 1520 1353 1576 cum
1375 1494 1457 1579 hoc
1479 1493 1639 1579 eceiam
1655 1492 1753 1607 (sic)
1770 1521 1846 1602 pro
1868 1494 2013 1576 stami-

363 1649 416 1705 ne
436 1616 567 1729 panni
586 1612 866 1697 Machelensis
888 1611 969 1720 ipsi
990 1609 1158 1694 dominc
1178 1609 1338 1697 Mathis
1360 1624 1404 1696 et
1422 1615 1553 1724 ipsius
1573 1615 1759 1724 legitime
1775 1613 2013 1721 posteritati
2035 1689 2038 1692 .

363 1741 459 1823 ritte
483 1744 526 1819 et
543 1732 810 1816 laudabiliter
830 1757 881 1812 ac
905 1730 1101 1812 ewiterne
1121 1732 1369 1842 resignavit.
1401 1733 1587 1844 Ipsaque
1604 1732 1699 1816 villa
1714 1758 1790 1840 per
1804 1729 2016 1839 prefatum

364 1857 576 1943 dominum
611 1849 816 1936 Mathiam
838 1856 880 1930 et
902 1849 989 1933 eius
1009 1848 1162 1932 liberos
1200 1850 1256 1933 sit
1285 1854 1485 1959 tenenda,
1521 1851 1735 1953 habenda,
1777 1848 2013 1951 vendenda,

364 1972 631 2075 commanda,
653 1969 805 2072 danda,
828 1968 1026 2052 donanda
1054 1966 1170 2053 etad
1191 1995 1293 2052 usus
1331 1970 1546 2056 beniuoles
1583 1968 1681 2084 (sic)
1717 1967 2016 2072 conuertenda,

363 2105 491 2207 prout
512 2089 592 2174 sibi
613 2100 657 2172 et
676 2092 762 2172 suis
783 2087 1100 2171 successoribus
1135 2088 1336 2197 legitimis
1378 2092 1525 2174 melius
1564 2103 1606 2174 et
1640 2088 1780 2173 utilius
1800 2086 2018 2170 videbitur

365 2213 573 2323 expedire,
593 2210 655 2291 uti
674 2205 852 2291 fruenda
873 2204 1051 2318 pacifice
1074 2215 1116 2290 et
1138 2208 1292 2314 quiete.
1324 2208 1382 2292 Et
1396 2209 1586 2317 prefatus
1608 2207 1802 2292 Andreas
1832 2205 2014 2289 eundem

366 2333 578 2417 dominum
609 2327 812 2412 Mathiam
849 2323 978 2408 debet
998 2335 1041 2407 et
1061 2334 1227 2409 tenetur
1251 2354 1326 2435 pro
1350 2329 1465 2412 dieta
1486 2328 1722 2411 hereditate
1749 2326 2013 2410 intercedere

367 2462 411 2536 et
428 2450 536 2534 tueri
557 2476 583 2529 a
605 2445 794 2556 qualibet
813 2445 974 2528 viventi
993 2473 1175 2553 persona
1195 2449 1313 2529 iuxta
1332 2448 1432 2530 iuris
1453 2446 1631 2532 formam
1652 2447 1706 2530 ad
1726 2446 1898 2530 totalem
1920 2471 2016 2554 pre·

365 2570 655 2678 scripcionem.
686 2564 863 2667 Harum,
887 2563 1041 2672 quibus
1062 2566 1104 2646 in
1126 2566 1411 2650 testimonium
1433 2566 1570 2679 sigilla
1589 2576 1734 2651 nostra
1749 2566 2018 2675 presentibus

266 2743 272 2756 ·
366 2700 466 2772 sunt
486 2713 687 2797 appensa.
719 2684 877 2767 Datum
900 2684 943 2764 in
966 2681 1180 2794 Oppatlrow
1202 2680 1307 2766 feria
1326 2696 1448 2770 sexta
1468 2695 1566 2796 post
1586 2684 1740 2770 festum
1761 2693 1910 2767 sancte
1928 2681 2019 2766 Lu·

366 2808 430 2891 eie
450 2806 638 2917 virginis,
660 2830 770 2892 anno
792 2802 946 2912 dominj
969 2801 1185 2886 millesimo
1208 2802 1624 2917 quadringentesimo
1645 2805 1871 2888 tricesimo.
1918 2800 2021 2884 Pre-

366 2923 557 3010 sentibus
576 2924 657 3033 hijs
679 2921 855 3006 dominis
877 2919 1078 3005 dohanne
1096 2920 1147 3001 de
1172 2919 1336 3022 Ostrea,
1366 2922 1581 3008 Dobeslao
1604 2923 1655 3007 de
1676 2919 1864 3025 Zolcicze,
1895 2919 2021 3003 Petro

368 3048 420 3128 de
442 3041 772 3145 Wesmunthow,
792 3039 967 3125 Nicolao
990 3038 1043 3122 de
1062 3038 1273 3144 Panchow,
1295 3038 1326 3124 J
1328 3041 1494 3125 ohanne
1518 3043 1569 3125 de
1593 3039 1832 3152 Podprodze,
1853 3036 2022 3123 Jacobo

369 3165 424 3247 de
451 3156 634 3243 Wiseolra
654 3156 752 3272 (sic)
773 3157 952 3240 testibus
974 3157 1029 3240 ad
1048 3158 1265 3267 premissa,
1288 3188 1338 3243 ac
1355 3160 1450 3268 alije
1470 3159 1555 3245 fide
1573 3160 1726 3271 dignis.
1760 3157 1932 3268 Scripta
1946 3184 2022 3269 per

368 3308 540 3367 manum
562 3276 762 3363 Stanislai
783 3277 835 3360 de
858 3274 1123 3360 Jaaicowieze
1144 3285 1248 3362 tunc
1270 3281 1473 3390 temporis
1493 3278 1659 3389 notarij.
1750 3391 1754 3396 p
1993 3328 1996 3334 ,

1131 3736 1267 3852 Cllll.

563 3991 958 4109 minine-dte
983 3991 1022 4077 ³
1045 3992 1242 4077 mensio
1265 3993 1473 4096 Amris
1499 3991 1638 4080 1431
1662 4012 1830 4077 anno.

373 4213 644 4289 Boleslaus
665 4209 730 4282 trx
750 4208 918 4301 betonis
938 4212 970 4285 ir
991 4213 1112 4335 silesia
1134 4211 1422 4401 ξοιῐοιιιιουῖιῆιι
1442 4215 1530 4322 '4¹¹⁸
1549 4213 1707 4305 privilege
1727 4214 1856 4286 inum
1868 4228 1926 4285 m
1940 4210 2023 4281 pru.

1057 4340 1151 4383 ΝΜ
1209 4333 1249 4389 M
1325 4364 1332 4378 .

477 4527 528 4612 In
549 4527 715 4611 nomine
738 4523 894 4610 Sancte
918 4531 962 4606 et
980 4523 1203 4607 Indiuidua
1235 4524 1457 4611 Trinitatis
1492 4527 1642 4611 Amen.
1690 4526 1779 4610 Nos
1800 4522 1937 4616 Bolko
1960 4523 2028 4608 dei
2180 4549 2188 4564 ·

375 4647 520 4762 gracia
541 4647 626 4730 dux
649 4642 782 4729 Slesie
819 4642 942 4726 hares
965 4642 1017 4728 de
1039 4638 1143 4770 Opol
1159 4671 1245 4766 vna
1264 4655 1411 4733 nostra
1438 4674 1535 4730 cum
1566 4653 1763 4732 consorte
1798 4641 2027 4727 Elisabeth

480 4884 520 4964 (¹)
540 4881 593 4948 Ex
612 4878 723 4948 tabula
737 4877 986 4945 membranacea
1000 4876 1240 4960 Stauiateensis
1261 4879 1452 4949 monasterii
1476 4881 1613 4969 propris
1637 4879 1816 4969 descripsit
1843 4876 2028 4948 Slswiriski.

375 4966 527 5055 Sigillum
542 4965 744 5034 desideratur
760 4974 793 5030 et
806 4962 930 5030 nullum
943 4962 1014 5049 ejus
1029 4962 1214 5050 vestigium.

1765 5065 1826 5132 51*
