5409 6309
1227 855 1230 860 '
1382 841 1659 916 -3os-

692 1035 881 1130 sentibus
902 1042 982 1153 hijs
1003 1041 1183 1128 testibus
1206 1007 1404 1129 Strenuie
1418 1070 1470 1126 ac
1490 1041 1716 1129 Nobilibus
1750 1041 1850 1128 viris
1873 1042 2051 1129 dominis
2072 1012 2274 1156 Zegotha
2293 1047 2347 1132 de

584 1173 588 1182 '
690 1159 859 1273 Prssory'
879 1160 933 1278 (⁵)
974 1159 1213 1248 Vexiilifero
1256 1162 1533 1250 Oracouiensi
1574 1161 1753 1249 Ohebda
1776 1163 1826 1246 de
1849 1163 1989 1274 Tropij
2029 1161 2259 1276 Spithcoue
2291 1166 2345 1249 do

681 1281 872 1366 ⁴Szedlecz
914 1282 1076 1366 zaclica
1108 1282 1159 1365 de
1191 1279 1421 1367 Ibocboiow
1464 1281 1656 1367 Zauissio
1688 1281 1742 1364 de
1781 1278 2071 1366 Wrzobomalco
2105 1283 2345 1370 nicolao-de

689 1399 857 1512 Rzeplin
877 1410 921 1487 et
939 1399 1032 1512 alijs
1055 1400 1374 1514 quampluribus
1395 1399 1636 1512 fidedignis.

619 1725 623 1740 Ι
685 1623 688 1627 ⁴
796 1642 834 1721 (⁵)
858 1634 974 1725 Pircry
990 1635 1067 1704 villa
1081 1634 1358 1705 Sandomiriensis
1373 1633 1471 1703 hodie
1486 1635 1631 1723 regionis
1647 1632 1992 1721 (parochiasoouka).

1255 2077 1257 2080 ,
1386 1919 1660 2063 CLXXXVI.
1719 1932 1724 1946 ⁸

944 2201 1418 2287 sannaus-ore
1435 2201 1509 2290 as
1524 2199 1731 2303 serua
1747 2196 1899 2288 moa
1918 2219 2084 2285 cano.
2189 2221 2201 2234 ·

571 2425 576 2434 '
644 2394 648 2401 ⁸
686 2422 858 2497 salmon
868 2421 1177 2496 unumunurn
1188 2420 1314 2495 Joarria
1325 2420 1412 2494 tutu
1422 2419 1506 2509 dieti,
1521 2420 1596 2494 rivis
1608 2418 1816 2508 suderrmis,
1827 2437 1930 2494 somn
1941 2418 2276 2502 uvmuunuuu
2291 2424 2343 2506 (¹).

677 2627 679 2630 ’
790 2630 833 2715 N
834 2656 880 2714 os
900 2628 1100 2714 Nicolaus
1122 2627 1289 2714 'Prewal
1309 2628 1548 2715 advocatus
1565 2622 2049 2743 sandecen'Nowe(sio),
2069 2629 2219 2715 Petrus
2241 2637 2341 2744 ger·

687 2749 813 2861 nugi,
853 2749 1058 2833 iohannes
1079 2747 1379 2855 Bovensceter,
1401 2747 1587 2834 nicolaus
1608 2747 1741 2859 pistor
1763 2754 1807 2831 et
1825 2746 2006 2831 hamulh
2027 2758 2071 2832 et
2089 2776 2213 2860 myco
2233 2749 2341 2834 lani-

687 2866 803 2974 fices,
823 2868 1025 2952 iohannes
1057 2866 1242 2979 frakugy
1271 2865 1454 2972 scabini,
1489 2874 1639 2952 notum
1668 2866 1859 2951 volumus
1880 2894 1973 2951 esse
1996 2866 2150 2976 quibus
2172 2868 2343 2981 expedit
2475 2889 2478 2898 ·

684 2988 904 3072 universis:
927 2984 1054 3087 Quod
1076 2987 1132 3070 ad
1152 2996 1340 3073 nostram
1361 2985 1571 3071 accedens
1591 2987 1874 3094 presenciam,
1891 2986 2062 3072 Judicio
2082 2989 2126 3070 in
2144 2986 2341 3092 Bannito,

684 3108 884 3219 providus
906 3108 969 3190 vir
990 3105 1211 3191 Johannes
1248 3108 1376 3210 culer,
1412 3133 1540 3190 sanus
1572 3130 1807 3214 compsque
1830 3107 1928 3221 (sic)
1949 3107 2141 3214 racione,
2160 3115 2340 3192 mortem

548 3279 556 3291 ·
683 3226 831 3337 pocius
852 3224 999 3311 volens
1021 3228 1238 3336 prevenire
1261 3252 1390 3336 quam
1410 3252 1636 3338 precavere
1649 3220 1718 3337 (i),
1737 3232 1893 3336 etpost
1908 3226 1975 3309 sui
1988 3225 2151 3310 obitum
2171 3226 2341 3338 singula
2501 3297 2507 3306 .

684 3344 800 3428 bona
820 3373 898 3427 sua
918 3345 1090 3430 mobilia
1122 3353 1165 3429 et
1193 3344 1424 3429 immobilia
1455 3372 1551 3428 cum
1582 3341 1830 3428 utensilibus
1861 3344 2030 3448 domus,
2066 3343 2126 3427 nil
2164 3354 2340 3456 excepto

684 3465 869 3549 virtuose
890 3464 1058 3549 domine
1079 3463 1283 3548 Aluschie
1305 3491 1380 3547 sue
1400 3463 1586 3576 legitime
1609 3464 1842 3547 conthorali
1861 3491 1937 3574 pro
1958 3464 2142 3547 utilitate
2163 3491 2259 3569 sua,
2277 3466 2339 3548 di-

681 3583 889 3666 mittenda
911 3593 954 3667 et
972 3581 1169 3667 facienda
1186 3584 1439 3695 resignavit3
1477 3583 1571 3692 ipsa
1591 3609 1691 3667 vero
1713 3582 1897 3666 Domina
1916 3581 2119 3667 Alueobia
2140 3592 2338 3668 constan·

681 3709 746 3784 ter
767 3701 824 3815 (i)
846 3701 926 3786 sibi
946 3704 1283 3814 resignacionem
1304 3701 1409 3786 fecit
1428 3704 1667 3804 viceversa,
1703 3703 1779 3786 sed
1808 3693 1907 3812 post
1927 3701 2089 3787 obitum
2116 3704 2339 3816 utriusque

580 3823 584 3842 ‘
682 3821 881 3931 ipsorum,
900 3821 1071 3906 Domini
1104 3821 1295 3916 consules
1326 3829 1508 3931 protunc
1539 3821 1823 3905 eandecenses
1842 3830 2040 3932 potentes
2064 3847 2155 3904 esse
2177 3819 2338 3905 debent

684 3937 879 4022 debonis
901 3966 1042 4023 eorum
1065 3939 1332 4024 manentibus
1355 3952 1526 4024 centum
1546 3967 1712 4024 marcas
1734 3968 1831 4024 oum
1852 3943 2169 4055 quinquaginta*
2183 3942 2337 4025 marcis

682 4056 885 4143 stanislao
907 4057 994 4143 filio
1015 4059 1098 4145 filie
1121 4086 1264 4144 corum
1285 4058 1543 4165 Katherine‚
1565 4062 1601 4143 si
1622 4059 1678 4142 ad
1699 4087 1830 4146 annos
1851 4063 2091 4170 pervenerit
2112 4059 2339 4146 discrecio·

681 4180 746 4265 nis
769 4188 813 4261 et
831 4175 913 4261 frui
940 4178 1114 4288 poterit,
1143 4180 1212 4263 vel
1244 4180 1404 4290 prolem
1440 4177 1637 4263 habuerit
1671 4205 1769 4263 oum
1806 4181 1930 4266 domo
1968 4207 2113 4264 eorum
2147 4179 2335 4290 plenarie

682 4298 780 4383 dare
803 4307 848 4400 e‚t
866 4306 1131 4407 presentare3
1154 4300 1381 4382 sinautem
1414 4296 1651 4384 Stanislaus
1671 4296 1757 4381 iam
1780 4298 1918 4383 dictus
1947 4307 2182 4385 moreretur
2213 4310 2339 4407 ante·
2370 4396 2374 4403 ‚

681 4445 810 4531 quam
852 4417 906 4499 ad
948 4444 1081 4501 annos
1121 4420 1360 4528 pervenerit
1402 4417 1672 4501 discrecionis
1705 4429 1747 4500 et
1776 4418 1936 4526 prolem
1975 4446 2061 4504 non
2101 4427 2337 4527 generaret,
2402 4517 2410 4534 ἢ

680 4545 834 4620 extunc
855 4537 1170 4649 quinquaginta
1188 4553 1353 4621 marcas
1376 4534 1503 4621 Ourie
1524 4533 1580 4652 (i)
1602 4544 1747 4620 sancte
1768 4534 2036 4648 Margarethe
2060 4544 2102 4621 et
2123 4538 2335 4649 quinqua·

646 4679 648 4684 ·
678 4655 801 4766 ginta
829 4682 993 4737 marcas
1025 4656 1208 4743 claustro
1239 4657 1375 4741 Beate
1395 4657 1589 4768 virginis,
1609 4686 1689 4740 nec
1709 4684 1793 4742 non
1813 4656 2129 4770 quinquaginta
2167 4680 2335 4740 marcas

678 4773 962 4894 predictarum
991 4774 1189 4886 hospitali
1220 4786 1390 4860 centum
1419 4803 1518 4858 oum
1554 4776 1868 4891 quinquaginta
1885 4776 2039 4862 marcis
2061 4775 2152 4860 dari
2172 4774 2274 4861 fecit
2292 4780 2336 4858 et

782 5011 794 5093 t
799 5010 821 5091 ¹)
843 5006 1063 5096 Archetypon
1075 5007 1164 5076 urbis
1179 5007 1281 5097 Nouy
1298 5009 1374 5093 chz
1386 5007 1496 5076 diotae
1509 5007 1691 5097 proprium,
1708 5009 1883 5098 descripsit
1895 5010 2105 5099 aepkowsri.
2188 5061 2191 5067 -
