5409 6309
1099 887 1149 908 ···
1209 850 1379 934 laa-

290 1049 292 1052 ’
396 1055 613 1170 -Bogutalo
651 1052 930 1138 hereditatem
965 1080 1087 1137 suam
1116 1035 1457 1163 ‘patrimonialem
1498 1043 1800 1160 Ctaabnomci
1817 1054 1871 1168 (θ)
1905 1057 2114 1161 dietam,
2169 1163 2175 1172 ⁸
2306 1055 2312 1064 '

400 1204 532 1288 quam
552 1170 1179 1286 idem(sic)'dominaKaterina
1198 1179 1297 1277 post
1318 1170 1541 1252 decessum
1573 1163 1793 1276 patrissui
1815 1175 1947 1260 multo
1967 1184 2076 1262 tem·

401 1305 504 1405 pore
521 1294 658 1376 tenuit
675 1302 719 1374 et
732 1290 1085 1400 possedit,sitam
1100 1290 1144 1371 in
1161 1286 1711 1382 CastellaturaWisliciensi
1725 1298 1878 1400 patruo
1894 1305 1972 1376 suo
1990 1294 2076 1379 Oe.
2109 1345 2112 1348 .

107 1499 139 1514 ..
272 1423 274 1426 ’
399 1412 712 1496 mitiOlementi
727 1405 1276 1520 gladiferoSandomiriensi
1290 1405 1375 1490 filio
1390 1403 1802 1514 ComitisLaurencij
1815 1409 2077 1494 nostrofidq.

399 1530 557 1614 lissima
579 1528 769 1610 ministro
790 1554 867 1633 pro
890 1535 1063 1608 centum
1086 1525 1402 1635 quinquaginta
1438 1521 1592 1604 marcis
1614 1522 1696 1608 fusi
1718 1528 1887 1634 argenti
1906 1526 2077 1635 publice

322 1689 329 1702 ·
399 1658 446 1730 et
464 1638 688 1729 manifeste
709 1644 951 1738 vendidisse
972 1644 1238 1752 recognouit.
1287 1639 1383 1741 Qua
1405 1651 1525 1724 stans
1544 1639 1703 1722 ibidem
1725 1669 1867 1724 coram
1889 1646 2010 1730 nobis
2034 1656 2078 1732 et

400 1766 501 1873 alijs‘
515 1793 645 1875 quam
665 1763 808 1868 multis
831 1772 874 1844 et
893 1762 1081 1869 plurimis
1102 1761 1255 1844 nostris
1290 1757 1529 1878 Beronibus
1566 1757 1839 1842 audientibus
1861 1788 1959 1852 cnm
1980 1790 2077 1871 pre-

397 1884 515 1966 dicto
547 1884 641 1990 ,viro
672 1908 750 1964 sno
781 1876 994 1989 Bognfalo
1031 1906 1058 1961 a
1078 1904 1126 1959 se
1156 1879 1261 1987 ipsa.
1278 1889 1320 1960 et
1342 1907 1377 1959 a
1398 1902 1475 1962 suo
1498 1878 1587 1962 viro
1609 1877 1695 1960 iam
1717 1880 1935 1962 nominato
1954 1869 2001 1963 et
2020 1880 2075 1964 ab

391 2001 598 2084 'omnibus
634 2001 720 2080 suis
756 1999 903 2079 amicis
937 2006 979 2079 et
1010 1998 1340 2104 consanguineis
1372 1995 1651 2080 hereditatem
1692 1993 1849 2078 dictam
1888 1991 2076 2080 Caerula

292 2113 297 2120 ’
401 2116 563 2198 nocicla
581 2143 679 2198 cum
700 2111 907 2200 omnibus
933 2113 1058 2225 plane
1095 2113 1369 2215 utilitatibus,
1405 2112 1552 2196 usibus
1581 2121 1628 2193 et
1652 2113 1928 2221 pertinenciJ‘s
1951 2116 2076 2224 qnid·

402 2234 506 2343 quid
543 2241 712 2342 spectat
732 2233 993 2316 ad=eandem
1028 2231 1221 2338 predicto
1259 2243 1413 2339 patruo
1445 2257 1525 2315 suo
1561 2231 1705 2313 comiti
1743 2227 1955 2314 Clementi
1975 2260 2073 2318 eum
2168 2335 2173 2348 ,
2318 2351 2324 2362 „

294 2425 298 2432 .
402 2353 515 2434 omni
536 2379 615 2433 sua
636 2351 904 2460 posteritate,
940 2377 1028 2434 non
1046 2347 1090 2432 vi
1111 2358 1265 2432 coacta
1295 2349 1373 2432 sed
1394 2348 1509 2434 bona
1529 2375 1609 2432 sua
1629 2349 1848 2433 volrmtate
1869 2351 2010 2446 lucide
2033 2360 2076 2432 et

399 2469 620 2578 splendide
639 2471 682 2551 in
702 2468 873 2579 publico
896 2494 971 2576 pro
993 2467 1109 2549 dicta
1146 2493 1312 2552 summa
1346 2467 1528 2576 pecunie
1565 2466 1820 2563 hereditario
1851 2468 1941 2552 iure
1972 2493 2075 2552 con-

399 2587 495 2668 tulit
516 2597 559 2668 et
580 2587 757 2671 donauit
777 2585 957 2693 pacifice
979 2595 1023 2672 et
1043 2585 1188 2696 quiete
1209 2581 1525 2695 inperpetuum
1561 2585 1878 2692 possidendam.
1934 2582 2074 2684 Quam

399 2707 626 2811 pecuniam
660 2703 851 2815 prefatus
889 2703 1087 2794 Clemens
1123 2704 1209 2784 iam
1246 2706 1358 2787 dicte
1391 2704 1558 2786 demine
1578 2702 1782 2786 Katerine
1806 2732 1882 2786 sue
1903 2704 2075 2816 filiastra

398 2830 540 2906 totam
559 2849 609 2905 ex
629 2826 797 2933 integro
815 2821 901 2930 sub
923 2830 1068 2911 nostro
1090 2821 1201 2904 bono
1224 2824 1467 2906 testimonio
1506 2822 1745 2930 assignauit
1772 2823 2000 2929 plenariter
2032 2832 2075 2903 et

398 2940 613 3047 persoluit.
666 2942 724 3024 Et
744 2942 847 3050 quia
867 2940 1056 3022 volentes
1092 2967 1260 3047 semper
1298 2937 1474 3021 cuilibet
1493 2965 1569 3046 pro
1591 2938 1731 3048 dignis
1769 2937 2074 3048 obsequiorum
2219 3023 2228 3034 ,

398 3059 556 3140 meritis
577 3086 687 3167 eque
709 3056 1002 3140 retribucionis
1038 3057 1201 3164 premia
1231 3055 1459 3164 benignius
1478 3056 1684 3162 inpertiri,
1706 3056 1850 3165 utqui
1870 3055 1926 3135 ad
1948 3052 2073 3140 obse·

340 3232 344 3237 ·
400 3175 503 3283 quia
538 3173 661 3258 nobis
696 3174 856 3284 placita
877 3200 922 3254 se
943 3171 1115 3282 prebuit
1148 3172 1295 3256 utilem
1317 3173 1467 3256 et·1ion
1486 3199 1665 3281 segnem
1701 3180 1893 3280 optatam
1924 3173 2072 3281 premij

398 3291 606 3398 percipiat
646 3321 672 3372 a
693 3300 836 3375 nostre
851 3281 1151 3372 munificencia
1173 3291 1347 3374 dextera
1366 3292 1623 3399 porcionem.
1675 3289 1841 3374 Damus
1865 3298 1909 3372 et
1927 3288 2078 3373 conse-⁴¹
2171 3353 2178 3368 .

249 3459 258 3474 ·
398 3410 527 3492 rimus
551 3438 604 3490 ex
623 3409 769 3493 nostra
790 3410 938 3519 gracia
958 3409 1144 3516 speciali:
1194 3405 1321 3506 Quod
1352 3404 1680 3516 prenominatus,
1695 3405 1850 3492 Comes
1871 3407 2071 3491 Clemens
2151 3432 2155 3448 ·

319 3534 324 3548 '
354 3551 356 3556 ’
398 3553 496 3608 oum
516 3526 603 3608 suis
624 3528 805 3635 posteris
828 3517 1114 3611 omnimodam
1135 3525 1298 3608 habeat
1311 3526 1550 3608 libertatem
1568 3535 1611 3607 et
1624 3523 1796 3633 plenam
1810 3534 2070 3636 potestatem

392 3642 615 3751 judicandi
634 3644 827 3728 homines
850 3668 950 3726 suos
973 3643 1064 3725 siue
1086 3644 1264 3727 uillanos
1286 3644 1530 3726 habitantes
1550 3644 1594 3723 in
1616 3642 1713 3727 villa
1735 3637 1822 3758 edu,
1832 3644 2070 3727 hereditate

392 3760 481 3846 iam
511 3761 659 3870 ‘sepius
697 3761 812 3842 diota
844 3757 1171 3842 Cterrrbinour'clsi
1187 3762 1224 3842 si
1245 3763 1376 3846 cause
1417 3763 1648 3856 enormitas
1663 3836 1666 3840 .
1682 3763 1864 3871 exigerit
1884 3760 1982 3873 (sic)
2014 3762 2071 3846 ad

364 3979 373 3990 ¹
398 3880 584 3962 duellum
605 3879 862 3982 faciendum,
884 3877 1002 3988 quod
1023 3878 1308 3962 mediantibus
1343 3878 1508 3961 baculis
1532 3879 1641 3964 solet
1660 3878 1751 3960 fieri
1772 3882 1881 3962 inter
1902 3878 2070 3988 aliquos

396 3996 476 4081 sub
496 3999 628 4082 dubio
649 3999 746 4109 lytis
768 4003 1042 4078 accurrentes
1053 3995 1164 4106 (sic).
1197 3996 1486 4081 Homicidium
1506 4017 1607 4082 vero
1640 3998 1739 4079 siin
1762 3994 2071 4082 Cleardincur'clr

335 4119 339 4138 '
398 4114 631 4214 hereditate
651 4118 737 4198 iam
757 4115 901 4222 sepius
935 4114 1173 4218 nominata,
1194 4115 1395 4208 uelintra
1414 4124 1551 4199 metes
1590 4116 1779 4222 eiusdem
1820 4113 2096 4198 hereditatis·

398 4233 626 4343 contigerit
660 4232 909 4342 perpetrari,
933 4242 975 4313 et
993 4240 1172 4343 uterque
1204 4247 1292 4314 tam
1325 4236 1501 4336 occisor,
1539 4262 1671 4350 quam
1707 4233 1873 4318 occisus
1897 4232 1948 4312 de
1969 4229 2070 4334 villa

396 4347 523 4431 fuerit
552 4361 797 4461 prenotata,
819 4348 1054 4458 sepefatus
1076 4375 1219 4434 comes
1243 4351 1439 4436 Clemens
1462 4380 1559 4433 cum
1582 4353 1694 4435 omni
1715 4378 1795 4432 sua
1814 4352 2067 4458 posteritate

397 4469 604 4551 audacter
624 4479 669 4550 et
687 4469 850 4578 precise
888 4467 1056 4578 absque
1091 4469 1302 4552 omnisne
1323 4470 1625 4582 impedimento
1655 4466 1864 4551 iudicabit
1883 4468 2074 4568 uoluae,

501 4713 545 4797 (²)
568 4713 822 4798 Clenainowicr,
839 4715 886 4780 uti
901 4735 943 4780 ex
958 4715 1136 4816 privilegio
1165 4725 1283 4783 nostro
1313 4725 1469 4802 apparet,
1499 4717 1577 4784 olim
1598 4717 1677 4790 villa
1697 4717 1805 4783 fuerat
1825 4717 1858 4782 in
1875 4715 2066 4783 castellania

398 4798 601 4884 Wrslicensi,
617 4801 653 4866 id
667 4809 719 4866 est
732 4801 768 4864 in
782 4799 925 4899 antiquo·
936 4800 1209 4883 Sandomrnensi,
1225 4799 1307 4866 etin
1321 4801 1513 4886 posteriore
1527 4802 1707 4888 palatinatu
1722 4803 1949 4871 Craceviensi.
1994 4802 2066 4866 Wi—
2210 4832 2213 4836 ·

340 4931 343 4938 ,
395 4886 472 4953 stica
486 4884 567 4951 urbs
583 4895 635 4954 est
649 4886 737 4952 enim
751 4894 820 4950 eutr
845 4905 981 4954 urasrma
994 4884 1029 4950 in
1043 4885 1204 4970 moderno
1220 4886 1393 4952 territorio
1408 4888 1571 4974 etregine
1583 4885 1809 4957 Stobnicensi.
1831 4886 1942 4975 Hodie
1957 4894 2066 4954 antem
2176 4943 2180 4952 .

396 4969 431 5035 in
445 4968 610 5037 indicibus
625 4970 776 5036 locorum
791 4969 822 5033 v'
848 4992 900 5035 am
915 4968 1153 5039 Ctmdinowire
1167 4970 1352 5037 invenimus
1368 4969 1498 5046 nullam.
1700 4971 1712 4992 ‘

1736 5101 1739 5106 .
1859 5066 1919 5135 16*
