5409 6309
1372 782 1653 875 „2504

673 1006 846 1114 expedit
864 995 1090 1098 uniuersis,
1113 989 1303 1094 Quodis
1326 991 1497 1095 domiuo
1518 980 1663 1078 uostm
1686 989 1797 1079 Jeau
1816 989 2003 1093 Christo,
2025 1002 2070 1075 et
2086 994 2134 1079 in
2155 994 2348 1106 gloriosis

560 1153 568 1161 ¹
672 1123 835 1207 sanctis
856 1120 969 1217 sius,
991 1115 1142 1199 decem
1161 1110 1274 1195 milia
1294 1109 1557 1212 Macistus,
1575 1110 1855 1199 deuociouem
1875 1109 2085 1198 habentes
2101 1116 2359 1222 specialem,

673 1236 875 1343 Saneque
913 1234 1216 1329 adnectentes,
1230 1229 1444 1336 quomodo
1467 1227 1581 1309 idem
1603 1226 1797 1313 domiuus
1818 1235 1962 1313 noster
1982 1226 2113 1317 teste
2136 1229 2345 1339 Christus,

571 1420 574 1427 ,
670 1352 827 1462 quibus
849 1348 1062 1433 miraculis
1085 1346 1331 1456 gloriosain
1353 1372 1432 1425 sua
1452 1346 1670 1453 passione,
1703 1369 1832 1451 quam
1864 1370 1940 1451 pro
1963 1353 2107 1427 nostra
2140 1349 2342 1459 dignatus

670 1480 736 1550 est
754 1469 847 1578 pati
868 1467 1006 1548 salute
1039 1463 1312 1545 choruscauit
1333 1458 1445 1572 (sic),
1479 1460 1651 1542 eosdem
1683 1459 1893 1569 gloriosos
1925 1459 2074 1544 decem
2094 1465 2343 1555 miliaMcr·

668 1587 793 1689 tires,
812 1588 857 1667 in
879 1610 1022 1669 eorum
1043 1581 1254 1691 passionis
1279 1576 1528 1684 etmartirij,
1549 1575 1665 1680 hora,
1688 1575 1847 1656 eisdem
1867 1576 2079 1661 miraculis
2100 1581 2345 1667 mirabiliter
2467 1580 2474 1591 ’

672 1702 909 1805 decorauit,
932 1701 988 1782 ad
1008 1698 1179 1780 laudem
1201 1706 1244 1778 et
1263 1697 1467 1779 honorem
1498 1696 1632 1802 ipsius
1665 1692 1821 1799 dominj
1844 1697 1977 1777 nostri
1997 1678 2105 1779 J'esu
2126 1696 2276 1807 Oristi,
2299 1713 2345 1787 et

589 1822 597 1855 ·’
670 1819 895 1903 eorundem
929 1825 1171 1899 sanctorum
1205 1813 1354 1894 decem
1375 1811 1489 1892 milia
1509 1810 1727 1895 Martirum
1748 1810 1989 1895 Ecclesiam
2010 1814 2052 1893 in
2072 1814 2173 1896 uilla
2191 1826 2341 1901 nostra

668 1933 936 2043 Nepolomz‘cze
954 1929 1008 2043 (r)
1024 1931 1659 2059 wlgariterpominata,‘mente
1681 1927 1840 2013 deuota
1862 1926 2055 2011 duximus
2079 1933 2340 2041 erigendam,

667 2051 928 2132 fundandam
962 2058 1004 2128 et
1036 2046 1376 2137 construendam.
1431 2044 1667 2152 Cupientes
1702 2046 1851 2154 itaque
1886 2049 2108 2154 'tamquam
2147 2050 2340 2134 eiusdem

666 2165 859 2249 Ecclesie
895 2164 1094 2247 fundator
1131 2165 1345 2270 primeuus
1383 2171 1427 2242 et
1461 2189 1648 2269 pronnus
1672 2161 1783 2271 (sic),
1821 2169 1914 2245 tota
1951 2161 2205 2268 deuocione,
2227 2171 2340 2249 utin

667 2284 817 2364 eadem
837 2283 1034 2367 Ecclesia
1057 2309 1107 2363 eo
1130 2280 1331 2388 amplius,
1353 2279 1563 2379 crebrius,
1585 2287 1629 2358 et
1650 2278 1852 2362 deuocius
1876 2277 2013 2360 cultus
2038 2280 2206 2363 diuinus
2228 2286 2340 2368 cele·

665 2399 812 2481 bretur
833 2412 876 2482 et
898 2408 1106 2509 augeatur
1143 2425 1228 2506 quo
1264 2394 1414 2476 melius
1450 2394 1612 2477 laucius
1652 2404 1695 2476 et
1730 2396 1888 2504 largius
1928 2394 1980 2475 de
2017 2402 2337 2484 sustentacionc

642 2516 976 2624 temporalium,
996 2519 1133 2624 ipsam
1156 2509 1443 2597 officiantibus
1467 2512 1644 2594 donetur
1665 2521 1711 2621 et
1727 2511 2014 2619 prouideatur.
2063 2512 2156 2597 Hos
2178 2518 2337 2600 reditus

383 2642 396 2665 ⁶
416 2620 421 2631 ’
525 2636 548 2709 ’,
664 2633 827 2716 fructus
849 2644 892 2715 et
909 2640 1143 2740 prouentus
1159 2631 1289 2731 sicuti
1312 2638 1356 2711 et
1376 2626 1643 2709 fundacionis
1677 2629 1790 2711 dicte
1810 2628 2005 2711 Ecclesia
2025 2629 2096 2711 Ita
2114 2641 2161 2715 st
2183 2660 2335 2716 conse-

665 2752 870 2832 cracionis
893 2759 968 2831 aut
989 2746 1275 2828 dedicacionis
1296 2742 1506 2851 tempore
1521 2741 1738 2826 celebrata
1755 2773 1833 2855 per
1853 2744 2272 2832 Reuerendissimum
2292 2754 2335 2833 in
2406 2766 2425 2798 ⁸

662 2869 707 2948 in
723 2866 897 2951 Christo
918 2875 1102 2974 patrem,
1135 2862 1350 2947 dominum
1371 2860 1402 2945 J
1405 2861 1616 2945 arcelaum
1637 2862 1690 2945 de
1713 2860 1911 2972 Boporio,
1941 2873 2088 2945 sancte
2109 2863 2338 2951 Gneanen·
2390 2918 2396 2929 -

662 2985 720 3065 sis
740 2984 932 3065 Ecclesie
954 2982 1248 3090 dignissimum
1270 2977 1670 3086 Archiepiscopum,
1701 3007 1777 3087 pro
1810 2976 1952 3060 dilecti
1972 2983 2103 3063 nostri
2120 2992 2174 3085 et-
2190 2983 2335 3068 deuoti

664 3099 893 3207 Capellam,
916 3099 1070 3211 dominj
1093 3094 1267 3199 Pelczc,
1289 3095 1484 3178 Rectoris
1505 3097 1697 3202 predicte
1715 3098 1760 3176 in
1777 3093 2027 3206 Ncpclomicz
2049 3096 2264 3202 sceleste,
2281 3113 2331 3184 'et

664 3217 816 3298 deinde
847 3242 1037 3319 suorum,
1069 3217 1145 3324 qui
1174 3240 1251 3322 pro
1272 3221 1464 3320 tempore
1493 3210 1669 3315 firerint,
1701 3238 2015 3316 successorum,
2046 3216 2230 3299 honesta
2259 3210 2330 3302 suss

663 3336 947 3435 stentacione,
980 3333 1149 3433 damus,
1181 3328 1451 3431 ascribimus,
1489 3321 1808 3438 appropriamus
1832 3339 1875 3410 et
1895 3331 2213 3440 incorporamus
2235 3362 2332 3442 pcr-

661 3451 799 3557 petuis
831 3449 1092 3557 temporibus
1125 3448 1256 3530 nostri
1287 3445 1456 3556 dominij
1481 3461 1524 3529 et
1543 3447 1812 3556 proprietatis
1844 3446 1968 3552 dure,
2004 3448 2208 3535 facultate
2231 3480 2330 3534 cum

661 3570 903 3669 omnimoda
922 3565 1235 3673 percipiendos,
1257 3565 1484 3667 tenendos,
1516 3564 1755 3672 habendos,
1776 3574 1819 3645 ct
1839 3566 1882 3645 in
1903 3593 2004 3649 suos
2026 3595 2130 3649 usus
2153 3594 2331 3652 conuer-

661 3685 815 3765 tendes
836 3686 881 3764 in
899 3685 984 3767 iam
1007 3682 1120 3764 diota
1140 3691 1286 3765 nostra
1304 3683 1406 3765 villa
1435 3679 1704 3793 Nepolomicze
1734 3710 1864 3766 vnam
1894 3684 2167 3787 thabernam,
2199 3711 2326 3796 agros

642 3824 809 3880 ,omnes
830 3808 873 3880 et
894 3800 1104 3909 singulos,
1141 3796 1214 3908 qui
1234 3800 1291 3881 ad
1311 3811 1500 3882 nostram
1536 3798 1693 3881 ibidem
1731 3798 1903 3885 Curiam
1940 3800 2228 3911 pertinebant,
2270 3801 2328 3884 ad

663 3913 908 3997 sulcandum
930 3917 982 3999 de
1003 3919 1155 4028 pratis,
1176 3930 1219 3999 ct
1240 3919 1359 4001 aliter
1381 3917 1683 4027 quoquomodo
1713 3908 2021 4026 disponendum
2040 3947 2117 4026 pro
2139 3918 2332 4029 quadra·

649 4034 791 4142 ginta·
821 4032 1011 4116 curribus
1047 4033 1190 4138 bonis,
1211 4047 1256 4119 et
1276 4037 1318 4116 in
1338 4036 1509 4143 magnis
1544 4034 1679 4142 pratis
1714 4036 1954 4125 iacentibus
1986 4037 2189 4148 contigue
2207 4037 2330 4119 iuxta

659 4158 786 4257 prata
816 4148 1003 4241 eiusdem
1033 4162 1179 4235 nostre
1209 4152 1317 4235 ville.
1369 4151 1421 4234 In
1442 4150 1556 4234 siluis
1592 4153 1726 4235 eciam
1746 4154 1936 4255 nostris,
1973 4154 2028 4235 ad
2052 4154 2232 4239 eandem
2252 4148 2350 4235 noi
2405 4218 2407 4225 Α

659 4276 791 4349 stram
823 4266 1117 4376 spectantibus
1147 4270 1309 4371 uillam,
1346 4270 1461 4355 dicto
1484 4269 1652 4353 domino
1673 4270 1824 4353 Pelcze
1846 4271 2018 4355 Rectori
2038 4255 2328 4379 predicaba-

659 4394 743 4466 stre
766 4384 809 4466 in
829 4382 1090 4496 Nepolomicz.
1143 4385 1349 4469 Ecclesia.
1383 4378 1567 4498 ¹Suisque
1599 4396 1697 4495 post
1728 4397 1822 4469 eum
1855 4382 2199 4498 quibuscumque
2226 4413 2329 4491 suc·

661 4501 922 4609 caesoribus,
957 4528 1034 4613 pro
1065 4502 1247 4616 edificijs
1283 4502 1581 4610 reformandis,
1616 4504 1687 4601 uel
1707 4506 1761 4587 de
1782 4528 1896 4591 nouo
1916 4504 2230 4609 construendis,
2260 4502 2345 4585 uel*
2412 4512 2437 4545 ⁸

647 4845 653 4857 ·
740 4792 808 4882 *ts
831 4792 978 4869 nevitta
992 4772 1207 4891 Nttpoeata
1232 4786 1326 4895 rega
1342 4792 1600 4903 sumtuum
1616 4802 1693 4875 au
1709 4743 1800 4887 usa
1829 4756 1942 4877 usi.
1957 4798 2036 4877 ctu
2065 4800 2280 4895 passsam
2296 4810 2331 4867 a

658 4884 836 4970 praecipue
852 4885 924 4967 ejus
939 4884 1187 4953 annotationem
1202 4885 1391 4952 secundam.
