<?xml version="1.0" encoding="UTF-8"?>
<!DOCTYPE html PUBLIC "-//W3C//DTD XHTML 1.0 Transitional//EN"
    "http://www.w3.org/TR/xhtml1/DTD/xhtml1-transitional.dtd">
<html xmlns="http://www.w3.org/1999/xhtml" xml:lang="en" lang="en">
 <head>
  <title>
</title>
<meta http-equiv="Content-Type" content="text/html;charset=utf-8" />
  <meta name='ocr-system' content='tesseract 3.04.00' />
  <meta name='ocr-capabilities' content='ocr_page ocr_carea ocr_par ocr_line ocrx_word'/>
</head>
<body>
  <div class='ocr_page' id='page_1' title='image "./codexdiplomatic00bobogoog_0459.png"; bbox 0 0 5409 6309; ppageno 0'>
   <div class='ocr_carea' id='block_1_1' title="bbox 1046 867 1321 942">
    <p class='ocr_par' dir='ltr' id='par_1_1' title="bbox 1046 867 1321 942">
     <span class='ocr_line' id='line_1_1' title="bbox 1046 867 1321 942; baseline -0.011 -1"><span class='ocrx_word' id='word_1_1' title='bbox 1046 867 1321 942; x_wconf 81' lang='lat'>-399-</span> 
     </span>
    </p>
   </div>
   <div class='ocr_carea' id='block_1_2' title="bbox 363 1064 2036 1540">
    <p class='ocr_par' dir='ltr' id='par_1_2' title="bbox 363 1064 2036 1540">
     <span class='ocr_line' id='line_1_2' title="bbox 363 1064 2036 1180; baseline 0.002 -27"><span class='ocrx_word' id='word_1_2' title='bbox 363 1080 432 1153; x_wconf 88' lang='lat' dir='ltr'>tus</span> <span class='ocrx_word' id='word_1_3' title='bbox 453 1065 690 1153; x_wconf 75' lang='lat' dir='ltr'>nominibus</span> <span class='ocrx_word' id='word_1_4' title='bbox 713 1064 767 1151; x_wconf 88' lang='lat' dir='ltr'>ab</span> <span class='ocrx_word' id='word_1_5' title='bbox 787 1094 872 1150; x_wconf 82' lang='lat' dir='ltr'>vna</span> <span class='ocrx_word' id='word_1_6' title='bbox 904 1073 947 1149; x_wconf 92' lang='lat' dir='ltr'>et</span> <span class='ocrx_word' id='word_1_7' title='bbox 979 1067 1057 1153; x_wconf 90' lang='lat' dir='ltr'>deo</span> <span class='ocrx_word' id='word_1_8' title='bbox 1089 1067 1244 1152; x_wconf 86' lang='lat' dir='ltr'>deuota</span> <span class='ocrx_word' id='word_1_9' title='bbox 1273 1066 1544 1180; x_wconf 89' lang='lat' dir='ltr'>Margaretha</span> <span class='ocrx_word' id='word_1_10' title='bbox 1574 1065 1807 1154; x_wconf 87' lang='lat' dir='ltr'>Abbatissa</span> <span class='ocrx_word' id='word_1_11' title='bbox 1838 1070 2036 1158; x_wconf 64' lang='lat' dir='ltr'>Sancti.</span> 
     </span>
     <span class='ocr_line' id='line_1_3' title="bbox 363 1183 2007 1297; baseline 0.002 -26"><span class='ocrx_word' id='word_1_12' title='bbox 363 1186 602 1272; x_wconf 89' lang='lat' dir='ltr'>monialium</span> <span class='ocrx_word' id='word_1_13' title='bbox 622 1185 866 1296; x_wconf 81' lang='lat' dir='ltr'>Monasterij</span> <span class='ocrx_word' id='word_1_14' title='bbox 895 1187 938 1268; x_wconf 88' lang='lat' dir='ltr'>in</span> <span class='ocrx_word' id='word_1_15' title='bbox 959 1185 1202 1297; x_wconf 75' lang='lat' dir='ltr'>Stunpatltky</span> <span class='ocrx_word' id='word_1_16' title='bbox 1239 1183 1408 1271; x_wconf 80' lang='lat' dir='ltr'>Ordinis</span> <span class='ocrx_word' id='word_1_17' title='bbox 1438 1191 1573 1270; x_wconf 90' lang='lat' dir='ltr'>sancti</span> <span class='ocrx_word' id='word_1_18' title='bbox 1604 1186 1826 1273; x_wconf 84' lang='lat' dir='ltr'>Benedicti</span> <span class='ocrx_word' id='word_1_19' title='bbox 1854 1218 1929 1275; x_wconf 90' lang='lat' dir='ltr'>suo</span> <span class='ocrx_word' id='word_1_20' title='bbox 1962 1202 2007 1275; x_wconf 89' lang='lat' dir='ltr'>et</span> 
     </span>
     <span class='ocr_line' id='line_1_4' title="bbox 364 1304 2005 1417; baseline 0.001 -24"><span class='ocrx_word' id='word_1_21' title='bbox 364 1306 610 1394; x_wconf 85' lang='lat' dir='ltr'>Conuentns</span> <span class='ocrx_word' id='word_1_22' title='bbox 641 1307 706 1388; x_wconf 87' lang='lat' dir='ltr'>sui</span> <span class='ocrx_word' id='word_1_23' title='bbox 734 1306 872 1390; x_wconf 90' lang='lat' dir='ltr'>tocius</span> <span class='ocrx_word' id='word_1_24' title='bbox 903 1306 1140 1390; x_wconf 90' lang='lat' dir='ltr'>nominibus</span> <span class='ocrx_word' id='word_1_25' title='bbox 1164 1304 1457 1390; x_wconf 82' lang='lat' dir='ltr'>Graccuiensis</span> <span class='ocrx_word' id='word_1_26' title='bbox 1495 1306 1685 1416; x_wconf 78' lang='lat' dir='ltr'><strong>dyocesis</strong></span> <span class='ocrx_word' id='word_1_27' title='bbox 1720 1309 1912 1417; x_wconf 89' lang='lat' dir='ltr'>partibus</span> <span class='ocrx_word' id='word_1_28' title='bbox 1949 1310 2005 1395; x_wconf 86' lang='lat' dir='ltr'>ab</span> 
     </span>
     <span class='ocr_line' id='line_1_5' title="bbox 363 1421 2006 1540; baseline 0 -28"><span class='ocrx_word' id='word_1_29' title='bbox 363 1425 495 1512; x_wconf 85' lang='lat' dir='ltr'>ultera</span> <span class='ocrx_word' id='word_1_30' title='bbox 515 1425 705 1510; x_wconf 87' lang='lat' dir='ltr'>volentes</span> <span class='ocrx_word' id='word_1_31' title='bbox 727 1421 940 1508; x_wconf 85' lang='lat' dir='ltr'>hincinde</span> <span class='ocrx_word' id='word_1_32' title='bbox 959 1453 1133 1536; x_wconf 82' lang='lat' dir='ltr'>parcere</span> <span class='ocrx_word' id='word_1_33' title='bbox 1153 1424 1309 1530; x_wconf 83' lang='lat' dir='ltr'>litibus,</span> <span class='ocrx_word' id='word_1_34' title='bbox 1329 1424 1559 1529; x_wconf 84' lang='lat' dir='ltr'>laboribus,</span> <span class='ocrx_word' id='word_1_35' title='bbox 1596 1430 1900 1540; x_wconf 76' lang='lat' dir='ltr'>controuersiJs,</span> <span class='ocrx_word' id='word_1_36' title='bbox 1922 1428 2006 1512; x_wconf 91' lang='lat' dir='ltr'>dis-</span> 
     </span>
    </p>
   </div>
   <div class='ocr_carea' id='block_1_3' title="bbox 216 1543 2073 4870">
    <p class='ocr_par' dir='ltr' id='par_1_3' title="bbox 216 1543 2073 4870">
     <span class='ocr_line' id='line_1_6' title="bbox 362 1543 2004 1655; baseline 0.001 -26"><span class='ocrx_word' id='word_1_37' title='bbox 362 1544 579 1655; x_wconf 88' lang='lat' dir='ltr'>plicencijs</span> <span class='ocrx_word' id='word_1_38' title='bbox 603 1556 646 1627; x_wconf 90' lang='lat' dir='ltr'>et</span> <span class='ocrx_word' id='word_1_39' title='bbox 665 1545 859 1653; x_wconf 78' lang='lat' dir='ltr'>expensis</span> <span class='ocrx_word' id='word_1_40' title='bbox 882 1543 933 1626; x_wconf 91' lang='lat' dir='ltr'>de</span> <span class='ocrx_word' id='word_1_41' title='bbox 954 1545 1136 1627; x_wconf 76' lang='lat' dir='ltr'>unanimi</span> <span class='ocrx_word' id='word_1_42' title='bbox 1171 1543 1355 1653; x_wconf 91' lang='lat' dir='ltr'>ipsorum</span> <span class='ocrx_word' id='word_1_43' title='bbox 1389 1544 1605 1628; x_wconf 86' lang='lat' dir='ltr'>voluntate</span> <span class='ocrx_word' id='word_1_44' title='bbox 1627 1555 1670 1627; x_wconf 89' lang='lat' dir='ltr'>et</span> <span class='ocrx_word' id='word_1_45' title='bbox 1690 1546 1880 1655; x_wconf 81' lang='lat' dir='ltr'>diligenti</span> <span class='ocrx_word' id='word_1_46' title='bbox 1903 1548 2004 1632; x_wconf 93' lang='lat' dir='ltr'>deli·</span> 
     </span>
     <span class='ocr_line' id='line_1_7' title="bbox 225 1660 2006 1773; baseline 0.002 -24"><span class='ocrx_word' id='word_1_47' title='bbox 225 1755 232 1768; x_wconf 61' lang='lat'><em>,</em></span> <span class='ocrx_word' id='word_1_48' title='bbox 359 1664 585 1749; x_wconf 91' lang='lat' dir='ltr'>beracione</span> <span class='ocrx_word' id='word_1_49' title='bbox 606 1672 751 1748; x_wconf 90' lang='lat' dir='ltr'>mutuo</span> <span class='ocrx_word' id='word_1_50' title='bbox 786 1661 1011 1773; x_wconf 79' lang='lat' dir='ltr'>prehabito</span> <span class='ocrx_word' id='word_1_51' title='bbox 1030 1672 1179 1772; x_wconf 88' lang='lat' dir='ltr'>sponte</span> <span class='ocrx_word' id='word_1_52' title='bbox 1211 1691 1261 1745; x_wconf 89' lang='lat' dir='ltr'>ao</span> <span class='ocrx_word' id='word_1_53' title='bbox 1274 1660 1405 1745; x_wconf 90' lang='lat' dir='ltr'>libere</span> <span class='ocrx_word' id='word_1_54' title='bbox 1421 1663 1612 1748; x_wconf 90' lang='lat' dir='ltr'>omnibus</span> <span class='ocrx_word' id='word_1_55' title='bbox 1628 1663 1864 1749; x_wconf 88' lang='lat' dir='ltr'>melioribus</span> <span class='ocrx_word' id='word_1_56' title='bbox 1880 1667 2006 1752; x_wconf 93' lang='lat' dir='ltr'>modo</span> 
     </span>
     <span class='ocr_line' id='line_1_8' title="bbox 361 1779 2005 1892; baseline 0.001 -25"><span class='ocrx_word' id='word_1_57' title='bbox 361 1785 433 1867; x_wconf 86' lang='lat' dir='ltr'>via</span> <span class='ocrx_word' id='word_1_58' title='bbox 453 1781 559 1866; x_wconf 81' lang='lat' dir='ltr'>Jure</span> <span class='ocrx_word' id='word_1_59' title='bbox 581 1795 711 1866; x_wconf 89' lang='lat' dir='ltr'>causa</span> <span class='ocrx_word' id='word_1_60' title='bbox 730 1790 774 1863; x_wconf 91' lang='lat' dir='ltr'>et</span> <span class='ocrx_word' id='word_1_61' title='bbox 790 1779 928 1867; x_wconf 80' lang='lat' dir='ltr'>&#39;forma</span> <span class='ocrx_word' id='word_1_62' title='bbox 950 1781 1104 1890; x_wconf 90' lang='lat' dir='ltr'>quibus</span> <span class='ocrx_word' id='word_1_63' title='bbox 1124 1781 1271 1865; x_wconf 90' lang='lat' dir='ltr'>melius</span> <span class='ocrx_word' id='word_1_64' title='bbox 1294 1790 1335 1864; x_wconf 89' lang='lat' dir='ltr'>et</span> <span class='ocrx_word' id='word_1_65' title='bbox 1356 1780 1571 1864; x_wconf 88' lang='lat' dir='ltr'>efficacius</span> <span class='ocrx_word' id='word_1_66' title='bbox 1607 1791 1840 1892; x_wconf 89' lang='lat' dir='ltr'>potuerunt</span> <span class='ocrx_word' id='word_1_67' title='bbox 1869 1794 1912 1867; x_wconf 92' lang='lat' dir='ltr'>et</span> <span class='ocrx_word' id='word_1_68' title='bbox 1932 1787 2005 1869; x_wconf 88' lang='lat' dir='ltr'>de-</span> 
     </span>
     <span class='ocr_line' id='line_1_9' title="bbox 361 1901 2007 2014; baseline 0.001 -29"><span class='ocrx_word' id='word_1_69' title='bbox 361 1902 557 2004; x_wconf 83' lang='lat' dir='ltr'>buerunt,</span> <span class='ocrx_word' id='word_1_70' title='bbox 579 1901 629 1983; x_wconf 93' lang='lat' dir='ltr'>de</span> <span class='ocrx_word' id='word_1_71' title='bbox 655 1913 697 1985; x_wconf 87' lang='lat' dir='ltr'>et</span> <span class='ocrx_word' id='word_1_72' title='bbox 716 1928 842 2012; x_wconf 93' lang='lat' dir='ltr'>super</span> <span class='ocrx_word' id='word_1_73' title='bbox 871 1903 1046 1984; x_wconf 88' lang='lat' dir='ltr'>materia</span> <span class='ocrx_word' id='word_1_74' title='bbox 1082 1903 1312 2010; x_wconf 85' lang='lat' dir='ltr'>questionis</span> <span class='ocrx_word' id='word_1_75' title='bbox 1349 1911 1391 1985; x_wconf 91' lang='lat' dir='ltr'>et</span> <span class='ocrx_word' id='word_1_76' title='bbox 1425 1902 1721 2011; x_wconf 86' lang='lat' dir='ltr'>controuersijs</span> <span class='ocrx_word' id='word_1_77' title='bbox 1752 1902 1858 1987; x_wconf 90' lang='lat' dir='ltr'>inter</span> <span class='ocrx_word' id='word_1_78' title='bbox 1892 1905 2007 2014; x_wconf 91' lang='lat' dir='ltr'>ipsos</span> 
     </span>
     <span class='ocr_line' id='line_1_10' title="bbox 362 2020 2007 2131; baseline 0.001 -25"><span class='ocrx_word' id='word_1_79' title='bbox 362 2021 585 2106; x_wconf 80' lang='lat' dir='ltr'>occasione</span> <span class='ocrx_word' id='word_1_80' title='bbox 606 2023 808 2131; x_wconf 84' lang='lat' dir='ltr'>prepositi</span> <span class='ocrx_word' id='word_1_81' title='bbox 837 2030 879 2103; x_wconf 90' lang='lat' dir='ltr'>et</span> <span class='ocrx_word' id='word_1_82' title='bbox 899 2022 1164 2131; x_wconf 85' lang='lat' dir='ltr'>prepositure</span> <span class='ocrx_word' id='word_1_83' title='bbox 1190 2022 1232 2102; x_wconf 90' lang='lat' dir='ltr'>in</span> <span class='ocrx_word' id='word_1_84' title='bbox 1262 2021 1375 2104; x_wconf 89' lang='lat' dir='ltr'>dicto</span> <span class='ocrx_word' id='word_1_85' title='bbox 1404 2020 1658 2106; x_wconf 87' lang='lat' dir='ltr'>Monasterio</span> <span class='ocrx_word' id='word_1_86' title='bbox 1697 2020 2007 2112; x_wconf 79' lang='lat' dir='ltr'>sanctimonia·</span> 
     </span>
     <span class='ocr_line' id='line_1_11' title="bbox 359 2137 2005 2251; baseline 0.001 -27"><span class='ocrx_word' id='word_1_87' title='bbox 359 2140 460 2224; x_wconf 91' lang='lat' dir='ltr'>lium</span> <span class='ocrx_word' id='word_1_88' title='bbox 479 2141 523 2221; x_wconf 90' lang='lat' dir='ltr'>in</span> <span class='ocrx_word' id='word_1_89' title='bbox 547 2137 788 2251; x_wconf 75' lang='lat' dir='ltr'>Stuuyuttlcy</span> <span class='ocrx_word' id='word_1_90' title='bbox 809 2147 852 2221; x_wconf 90' lang='lat' dir='ltr'>et</span> <span class='ocrx_word' id='word_1_91' title='bbox 872 2142 1002 2248; x_wconf 92' lang='lat' dir='ltr'>ipsius</span> <span class='ocrx_word' id='word_1_92' title='bbox 1036 2140 1247 2222; x_wconf 82' lang='lat' dir='ltr'>eleccione</span> <span class='ocrx_word' id='word_1_93' title='bbox 1278 2141 1434 2223; x_wconf 83' lang='lat' dir='ltr'>exortis</span> <span class='ocrx_word' id='word_1_94' title='bbox 1453 2141 1703 2222; x_wconf 75' lang='lat' dir='ltr'>unanimiter</span> <span class='ocrx_word' id='word_1_95' title='bbox 1726 2152 1769 2222; x_wconf 90' lang='lat' dir='ltr'>et</span> <span class='ocrx_word' id='word_1_96' title='bbox 1788 2143 2005 2228; x_wconf 89' lang='lat' dir='ltr'>concordi·</span> 
     </span>
     <span class='ocr_line' id='line_1_12' title="bbox 362 2257 2007 2370; baseline 0.003 -30"><span class='ocrx_word' id='word_1_97' title='bbox 362 2267 426 2340; x_wconf 89' lang='lat' dir='ltr'>ter</span> <span class='ocrx_word' id='word_1_98' title='bbox 448 2257 500 2341; x_wconf 92' lang='lat' dir='ltr'>de</span> <span class='ocrx_word' id='word_1_99' title='bbox 522 2258 610 2342; x_wconf 90' lang='lat' dir='ltr'>alto</span> <span class='ocrx_word' id='word_1_100' title='bbox 633 2270 676 2342; x_wconf 91' lang='lat' dir='ltr'>et</span> <span class='ocrx_word' id='word_1_101' title='bbox 690 2258 821 2343; x_wconf 76' lang='lat' dir='ltr'>&#39;basso</span> <span class='ocrx_word' id='word_1_102' title='bbox 853 2260 896 2339; x_wconf 91' lang='lat' dir='ltr'>in</span> <span class='ocrx_word' id='word_1_103' title='bbox 916 2285 992 2341; x_wconf 90' lang='lat' dir='ltr'>nos</span> <span class='ocrx_word' id='word_1_104' title='bbox 1014 2268 1057 2339; x_wconf 91' lang='lat' dir='ltr'>et</span> <span class='ocrx_word' id='word_1_105' title='bbox 1078 2284 1312 2341; x_wconf 86' lang='lat' dir='ltr'>assessores</span> <span class='ocrx_word' id='word_1_106' title='bbox 1342 2259 1509 2343; x_wconf 88' lang='lat' dir='ltr'>nostros</span> <span class='ocrx_word' id='word_1_107' title='bbox 1542 2257 1830 2370; x_wconf 81' lang='lat' dir='ltr'>infrascriptos</span> <span class='ocrx_word' id='word_1_108' title='bbox 1858 2263 2007 2345; x_wconf 88' lang='lat' dir='ltr'>videli-</span> 
     </span>
     <span class='ocr_line' id='line_1_13' title="bbox 361 2372 2008 2493; baseline 0.003 -33"><span class='ocrx_word' id='word_1_109' title='bbox 361 2386 432 2461; x_wconf 92' lang='lat' dir='ltr'>cet</span> <span class='ocrx_word' id='word_1_110' title='bbox 450 2376 746 2472; x_wconf 87' lang='lat' dir='ltr'>Reuerendum</span> <span class='ocrx_word' id='word_1_111' title='bbox 766 2380 809 2459; x_wconf 85' lang='lat' dir='ltr'>in</span> <span class='ocrx_word' id='word_1_112' title='bbox 831 2375 999 2462; x_wconf 82' lang='lat' dir='ltr'>Christo</span> <span class='ocrx_word' id='word_1_113' title='bbox 1021 2386 1186 2488; x_wconf 89' lang='lat' dir='ltr'>patrem</span> <span class='ocrx_word' id='word_1_114' title='bbox 1209 2377 1422 2460; x_wconf 91' lang='lat' dir='ltr'>dominum</span> <span class='ocrx_word' id='word_1_115' title='bbox 1440 2372 1470 2459; x_wconf 78' lang='lat' dir='ltr'>d</span> <span class='ocrx_word' id='word_1_116' title='bbox 1472 2378 1679 2460; x_wconf 90' lang='lat' dir='ltr'>ohannem</span> <span class='ocrx_word' id='word_1_117' title='bbox 1697 2380 1845 2462; x_wconf 87' lang='lat' dir='ltr'>eadem</span> <span class='ocrx_word' id='word_1_118' title='bbox 1862 2383 2008 2493; x_wconf 86' lang='lat' dir='ltr'>gracia</span> 
     </span>
     <span class='ocr_line' id='line_1_14' title="bbox 359 2493 2007 2607; baseline 0.002 -26"><span class='ocrx_word' id='word_1_119' title='bbox 359 2497 619 2607; x_wconf 85' lang='lat' dir='ltr'>Episcopum</span> <span class='ocrx_word' id='word_1_120' title='bbox 640 2495 1031 2582; x_wconf 86' lang='lat' dir='ltr'>Wladislauiensem</span> <span class='ocrx_word' id='word_1_121' title='bbox 1052 2519 1217 2580; x_wconf 86' lang='lat' dir='ltr'>necnon</span> <span class='ocrx_word' id='word_1_122' title='bbox 1238 2493 1513 2581; x_wconf 87' lang='lat' dir='ltr'>Venerabiles</span> <span class='ocrx_word' id='word_1_123' title='bbox 1530 2507 1573 2580; x_wconf 87' lang='lat' dir='ltr'>et</span> <span class='ocrx_word' id='word_1_124' title='bbox 1587 2497 1856 2582; x_wconf 86' lang='lat' dir='ltr'>honorabiles</span> <span class='ocrx_word' id='word_1_125' title='bbox 1874 2501 2007 2585; x_wconf 92' lang='lat' dir='ltr'>domi·</span> 
     </span>
     <span class='ocr_line' id='line_1_15' title="bbox 361 2613 2030 2728; baseline 0.005 -31"><span class='ocrx_word' id='word_1_126' title='bbox 361 2640 438 2699; x_wconf 92' lang='lat' dir='ltr'>nos</span> <span class='ocrx_word' id='word_1_127' title='bbox 460 2613 738 2700; x_wconf 91' lang='lat' dir='ltr'>Wladislaum</span> <span class='ocrx_word' id='word_1_128' title='bbox 775 2615 827 2699; x_wconf 90' lang='lat' dir='ltr'>de</span> <span class='ocrx_word' id='word_1_129' title='bbox 860 2613 1055 2727; x_wconf 78' lang='lat' dir='ltr'>Opporozo</span> <span class='ocrx_word' id='word_1_130' title='bbox 1076 2613 1130 2728; x_wconf 80' lang='lat'>(¹)</span> <span class='ocrx_word' id='word_1_131' title='bbox 1161 2616 1422 2701; x_wconf 88' lang='lat' dir='ltr'>decretorum</span> <span class='ocrx_word' id='word_1_132' title='bbox 1460 2615 1672 2701; x_wconf 88' lang='lat' dir='ltr'>doctorem</span> <span class='ocrx_word' id='word_1_133' title='bbox 1703 2619 2030 2724; x_wconf 16' lang='lat' dir='ltr'>vicecancella*</span> 
     </span>
     <span class='ocr_line' id='line_1_16' title="bbox 358 2731 2007 2851; baseline 0.004 -35"><span class='ocrx_word' id='word_1_134' title='bbox 358 2735 466 2817; x_wconf 92' lang='lat' dir='ltr'>rium</span> <span class='ocrx_word' id='word_1_135' title='bbox 486 2732 626 2845; x_wconf 87' lang='lat' dir='ltr'>Regni</span> <span class='ocrx_word' id='word_1_136' title='bbox 646 2735 816 2820; x_wconf 90' lang='lat' dir='ltr'>Polonie</span> <span class='ocrx_word' id='word_1_137' title='bbox 836 2732 1090 2842; x_wconf 86' lang='lat' dir='ltr'>Magistrum</span> <span class='ocrx_word' id='word_1_138' title='bbox 1110 2731 1629 2845; x_wconf 76' lang='lat' dir='ltr'>AndreamdeKolcorzyao</span> <span class='ocrx_word' id='word_1_139' title='bbox 1646 2735 1776 2821; x_wconf 83' lang='lat' dir='ltr'>Sacra</span> <span class='ocrx_word' id='word_1_140' title='bbox 1791 2739 2007 2851; x_wconf 90' lang='lat' dir='ltr'>theologie</span> 
     </span>
     <span class='ocr_line' id='line_1_17' title="bbox 359 2850 2009 2964; baseline 0.001 -29"><span class='ocrx_word' id='word_1_141' title='bbox 359 2850 639 2961; x_wconf 87' lang='lat' dir='ltr'>professorem</span> <span class='ocrx_word' id='word_1_142' title='bbox 674 2853 1015 2938; x_wconf 85' lang='lat' dir='ltr'>archidiaconum</span> <span class='ocrx_word' id='word_1_143' title='bbox 1051 2853 1275 2938; x_wconf 88' lang='lat' dir='ltr'>Nicolaum</span> <span class='ocrx_word' id='word_1_144' title='bbox 1300 2851 1552 2962; x_wconf 75' lang='lat' dir='ltr'>Pyenyuszelr</span> <span class='ocrx_word' id='word_1_145' title='bbox 1581 2856 1840 2964; x_wconf 90' lang='lat' dir='ltr'>prepositum</span> <span class='ocrx_word' id='word_1_146' title='bbox 1876 2854 2009 2944; x_wconf 68' lang='lat' dir='ltr'>daco.</span> 
     </span>
     <span class='ocr_line' id='line_1_18' title="bbox 357 2967 2073 3084; baseline 0.002 -28"><span class='ocrx_word' id='word_1_147' title='bbox 357 2971 461 3056; x_wconf 91' lang='lat' dir='ltr'>bum</span> <span class='ocrx_word' id='word_1_148' title='bbox 484 2971 536 3055; x_wconf 92' lang='lat' dir='ltr'>de</span> <span class='ocrx_word' id='word_1_149' title='bbox 557 2971 743 3054; x_wconf 83' lang='lat' dir='ltr'>Zubororc</span> <span class='ocrx_word' id='word_1_150' title='bbox 765 2969 1005 3055; x_wconf 76' lang='lat' dir='ltr'>dobannem</span> <span class='ocrx_word' id='word_1_151' title='bbox 1036 2971 1087 3054; x_wconf 91' lang='lat' dir='ltr'>de</span> <span class='ocrx_word' id='word_1_152' title='bbox 1107 2970 1244 3084; x_wconf 74' lang='lat' dir='ltr'>Elpod</span> <span class='ocrx_word' id='word_1_153' title='bbox 1277 2967 1540 3054; x_wconf 90' lang='lat' dir='ltr'>decretorum</span> <span class='ocrx_word' id='word_1_154' title='bbox 1561 2972 1754 3055; x_wconf 89' lang='lat' dir='ltr'>doctores</span> <span class='ocrx_word' id='word_1_155' title='bbox 1775 2983 1818 3055; x_wconf 94' lang='lat' dir='ltr'>et</span> <span class='ocrx_word' id='word_1_156' title='bbox 1836 2973 2008 3059; x_wconf 90' lang='lat' dir='ltr'>Petrum</span> <span class='ocrx_word' id='word_1_157' title='bbox 2066 3015 2073 3024; x_wconf 45' lang='lat'>⁸</span> 
     </span>
     <span class='ocr_line' id='line_1_19' title="bbox 360 3086 2008 3202; baseline 0.002 -29"><span class='ocrx_word' id='word_1_158' title='bbox 360 3086 657 3198; x_wconf 78' lang='lat' dir='ltr'>Ctrauatowslcy</span> <span class='ocrx_word' id='word_1_159' title='bbox 702 3088 941 3175; x_wconf 86' lang='lat' dir='ltr'>Oanonicos</span> <span class='ocrx_word' id='word_1_160' title='bbox 981 3089 1179 3174; x_wconf 80' lang='lat' dir='ltr'>Ecclesia</span> <span class='ocrx_word' id='word_1_161' title='bbox 1209 3087 1475 3175; x_wconf 83' lang='lat' dir='ltr'>Cathedralis</span> <span class='ocrx_word' id='word_1_162' title='bbox 1512 3088 1807 3176; x_wconf 84' lang='lat' dir='ltr'>Oracouiensis</span> <span class='ocrx_word' id='word_1_163' title='bbox 1835 3099 2008 3202; x_wconf 86' lang='lat' dir='ltr'>presen-</span> 
     </span>
     <span class='ocr_line' id='line_1_20' title="bbox 357 3206 2008 3320; baseline 0.004 -29"><span class='ocrx_word' id='word_1_164' title='bbox 357 3218 424 3291; x_wconf 85' lang='lat' dir='ltr'>tes</span> <span class='ocrx_word' id='word_1_165' title='bbox 446 3216 490 3289; x_wconf 94' lang='lat' dir='ltr'>et</span> <span class='ocrx_word' id='word_1_166' title='bbox 510 3232 616 3290; x_wconf 89' lang='lat' dir='ltr'>onus</span> <span class='ocrx_word' id='word_1_167' title='bbox 636 3206 876 3292; x_wconf 90' lang='lat' dir='ltr'>huiusmodi</span> <span class='ocrx_word' id='word_1_168' title='bbox 896 3209 1186 3320; x_wconf 88' lang='lat' dir='ltr'>compromissi</span> <span class='ocrx_word' id='word_1_169' title='bbox 1204 3212 1251 3293; x_wconf 92' lang='lat' dir='ltr'>in</span> <span class='ocrx_word' id='word_1_170' title='bbox 1271 3237 1320 3292; x_wconf 91' lang='lat' dir='ltr'>se</span> <span class='ocrx_word' id='word_1_171' title='bbox 1340 3218 1494 3317; x_wconf 90' lang='lat' dir='ltr'>sponte</span> <span class='ocrx_word' id='word_1_172' title='bbox 1513 3238 1565 3291; x_wconf 88' lang='lat' dir='ltr'>ac</span> <span class='ocrx_word' id='word_1_173' title='bbox 1584 3208 1712 3293; x_wconf 89' lang='lat' dir='ltr'>libere</span> <span class='ocrx_word' id='word_1_174' title='bbox 1733 3213 2008 3320; x_wconf 89' lang='lat' dir='ltr'>suscipientes</span> 
     </span>
     <span class='ocr_line' id='line_1_21' title="bbox 358 3326 2009 3437; baseline 0.002 -27"><span class='ocrx_word' id='word_1_175' title='bbox 358 3326 735 3437; x_wconf 90' lang='lat' dir='ltr'>compromiserunt</span> <span class='ocrx_word' id='word_1_176' title='bbox 753 3334 972 3434; x_wconf 87' lang='lat' dir='ltr'>tamquam</span> <span class='ocrx_word' id='word_1_177' title='bbox 992 3331 1037 3410; x_wconf 92' lang='lat' dir='ltr'>in</span> <span class='ocrx_word' id='word_1_178' title='bbox 1058 3329 1238 3415; x_wconf 89' lang='lat' dir='ltr'>arbitros</span> <span class='ocrx_word' id='word_1_179' title='bbox 1275 3326 1544 3411; x_wconf 89' lang='lat' dir='ltr'>arbitratcres</span> <span class='ocrx_word' id='word_1_180' title='bbox 1565 3337 1609 3411; x_wconf 92' lang='lat' dir='ltr'>et</span> <span class='ocrx_word' id='word_1_181' title='bbox 1629 3328 1871 3413; x_wconf 87' lang='lat' dir='ltr'>amicabiles</span> <span class='ocrx_word' id='word_1_182' title='bbox 1894 3357 2009 3414; x_wconf 91' lang='lat' dir='ltr'>com-</span> 
     </span>
     <span class='ocr_line' id='line_1_22' title="bbox 316 3445 2008 3560; baseline 0.001 -29"><span class='ocrx_word' id='word_1_183' title='bbox 316 3529 322 3546; x_wconf 86' lang='grc'>,</span> <span class='ocrx_word' id='word_1_184' title='bbox 356 3448 564 3556; x_wconf 89' lang='lat' dir='ltr'>positores</span> <span class='ocrx_word' id='word_1_185' title='bbox 586 3473 613 3526; x_wconf 92' lang='lat' dir='ltr'>a</span> <span class='ocrx_word' id='word_1_186' title='bbox 632 3445 884 3555; x_wconf 88' lang='lat' dir='ltr'>supradictis</span> <span class='ocrx_word' id='word_1_187' title='bbox 914 3447 1107 3555; x_wconf 89' lang='lat' dir='ltr'>partibus</span> <span class='ocrx_word' id='word_1_188' title='bbox 1146 3451 1367 3560; x_wconf 84' lang='lat' dir='ltr'>signanter</span> <span class='ocrx_word' id='word_1_189' title='bbox 1396 3449 1646 3553; x_wconf 86' lang='lat' dir='ltr'>nominatos,</span> <span class='ocrx_word' id='word_1_190' title='bbox 1675 3448 1823 3532; x_wconf 87' lang='lat' dir='ltr'>dantes</span> <span class='ocrx_word' id='word_1_191' title='bbox 1845 3459 1888 3531; x_wconf 91' lang='lat' dir='ltr'>et</span> <span class='ocrx_word' id='word_1_192' title='bbox 1908 3477 2008 3536; x_wconf 91' lang='lat' dir='ltr'>con·</span> 
     </span>
     <span class='ocr_line' id='line_1_23' title="bbox 358 3562 2008 3676; baseline 0.005 -29"><span class='ocrx_word' id='word_1_193' title='bbox 358 3565 557 3648; x_wconf 88' lang='lat' dir='ltr'>cedentes</span> <span class='ocrx_word' id='word_1_194' title='bbox 577 3562 766 3673; x_wconf 87' lang='lat' dir='ltr'>predicte</span> <span class='ocrx_word' id='word_1_195' title='bbox 786 3574 929 3674; x_wconf 87' lang='lat' dir='ltr'>partes</span> <span class='ocrx_word' id='word_1_196' title='bbox 952 3575 995 3647; x_wconf 93' lang='lat' dir='ltr'>et</span> <span class='ocrx_word' id='word_1_197' title='bbox 1017 3595 1161 3651; x_wconf 90' lang='lat' dir='ltr'>earum</span> <span class='ocrx_word' id='word_1_198' title='bbox 1183 3569 1374 3676; x_wconf 91' lang='lat' dir='ltr'>quelibet</span> <span class='ocrx_word' id='word_1_199' title='bbox 1406 3567 1661 3676; x_wconf 85' lang='lat' dir='ltr'>coniunctim</span> <span class='ocrx_word' id='word_1_200' title='bbox 1683 3577 1726 3651; x_wconf 92' lang='lat' dir='ltr'>et</span> <span class='ocrx_word' id='word_1_201' title='bbox 1747 3569 1911 3652; x_wconf 91' lang='lat' dir='ltr'>diuisim</span> <span class='ocrx_word' id='word_1_202' title='bbox 1931 3597 2008 3655; x_wconf 89' lang='lat' dir='ltr'>no-</span> 
     </span>
     <span class='ocr_line' id='line_1_24' title="bbox 356 3682 2009 3774; baseline 0.003 -7"><span class='ocrx_word' id='word_1_203' title='bbox 356 3682 424 3767; x_wconf 89' lang='lat' dir='ltr'>bis</span> <span class='ocrx_word' id='word_1_204' title='bbox 445 3693 489 3767; x_wconf 90' lang='lat' dir='ltr'>et</span> <span class='ocrx_word' id='word_1_205' title='bbox 510 3683 633 3766; x_wconf 91' lang='lat' dir='ltr'>dictis</span> <span class='ocrx_word' id='word_1_206' title='bbox 654 3685 807 3768; x_wconf 90' lang='lat' dir='ltr'>nostris</span> <span class='ocrx_word' id='word_1_207' title='bbox 829 3685 1116 3768; x_wconf 87' lang='lat' dir='ltr'>assessoribus</span> <span class='ocrx_word' id='word_1_208' title='bbox 1153 3685 1474 3771; x_wconf 90' lang='lat' dir='ltr'>arbitratoribus</span> <span class='ocrx_word' id='word_1_209' title='bbox 1507 3695 1551 3767; x_wconf 89' lang='lat' dir='ltr'>et</span> <span class='ocrx_word' id='word_1_210' title='bbox 1579 3687 1870 3771; x_wconf 89' lang='lat' dir='ltr'>amicabilibus</span> <span class='ocrx_word' id='word_1_211' title='bbox 1893 3716 2009 3774; x_wconf 88' lang='lat' dir='ltr'>com·</span> 
     </span>
     <span class='ocr_line' id='line_1_25' title="bbox 357 3798 2009 3915; baseline 0.003 -27"><span class='ocrx_word' id='word_1_212' title='bbox 357 3798 613 3913; x_wconf 84' lang='lat' dir='ltr'>positoribus</span> <span class='ocrx_word' id='word_1_213' title='bbox 633 3800 799 3909; x_wconf 89' lang='lat' dir='ltr'>plenam</span> <span class='ocrx_word' id='word_1_214' title='bbox 821 3812 866 3886; x_wconf 90' lang='lat' dir='ltr'>et</span> <span class='ocrx_word' id='word_1_215' title='bbox 885 3803 1164 3902; x_wconf 84' lang='lat' dir='ltr'>omnimodam</span> <span class='ocrx_word' id='word_1_216' title='bbox 1185 3814 1451 3915; x_wconf 88' lang='lat' dir='ltr'>potestatem·</span> <span class='ocrx_word' id='word_1_217' title='bbox 1466 3833 1517 3887; x_wconf 88' lang='lat' dir='ltr'>ao</span> <span class='ocrx_word' id='word_1_218' title='bbox 1531 3806 1763 3915; x_wconf 90' lang='lat' dir='ltr'>plenariam</span> <span class='ocrx_word' id='word_1_219' title='bbox 1779 3811 2009 3893; x_wconf 90' lang='lat' dir='ltr'>auctorita·</span> 
     </span>
     <span class='ocr_line' id='line_1_26' title="bbox 216 3920 2010 4036; baseline 0.004 -33"><span class='ocrx_word' id='word_1_220' title='bbox 216 4000 219 4003; x_wconf 78' lang='grc'><em>,</em></span> <span class='ocrx_word' id='word_1_221' title='bbox 355 3932 443 4005; x_wconf 91' lang='lat' dir='ltr'>tem</span> <span class='ocrx_word' id='word_1_222' title='bbox 466 3921 516 4003; x_wconf 91' lang='lat' dir='ltr'>de</span> <span class='ocrx_word' id='word_1_223' title='bbox 538 3929 582 4001; x_wconf 90' lang='lat' dir='ltr'>et</span> <span class='ocrx_word' id='word_1_224' title='bbox 601 3948 729 4031; x_wconf 88' lang='lat' dir='ltr'>super</span> <span class='ocrx_word' id='word_1_225' title='bbox 759 3920 953 4006; x_wconf 91' lang='lat' dir='ltr'>omnibus</span> <span class='ocrx_word' id='word_1_226' title='bbox 991 3932 1033 4005; x_wconf 92' lang='lat' dir='ltr'>et</span> <span class='ocrx_word' id='word_1_227' title='bbox 1067 3924 1243 4036; x_wconf 86' lang='lat' dir='ltr'>singulis</span> <span class='ocrx_word' id='word_1_228' title='bbox 1281 3923 1500 4033; x_wconf 87' lang='lat' dir='ltr'>discordijs</span> <span class='ocrx_word' id='word_1_229' title='bbox 1538 3935 1579 4008; x_wconf 89' lang='lat' dir='ltr'>et</span> <span class='ocrx_word' id='word_1_230' title='bbox 1615 3923 1867 4035; x_wconf 86' lang='lat' dir='ltr'>differancijs</span> <span class='ocrx_word' id='word_1_231' title='bbox 1902 3927 2010 4012; x_wconf 88' lang='lat' dir='ltr'>inter</span> 
     </span>
     <span class='ocr_line' id='line_1_27' title="bbox 356 4033 2016 4154; baseline 0.005 -33"><span class='ocrx_word' id='word_1_232' title='bbox 356 4041 470 4150; x_wconf 92' lang='lat' dir='ltr'>ipsos</span> <span class='ocrx_word' id='word_1_233' title='bbox 493 4040 646 4122; x_wconf 87' lang='lat' dir='ltr'>exortis</span> <span class='ocrx_word' id='word_1_234' title='bbox 668 4034 888 4126; x_wconf 87' lang='lat' dir='ltr'>occasione</span> <span class='ocrx_word' id='word_1_235' title='bbox 909 4039 1088 4152; x_wconf 87' lang='lat' dir='ltr'>predicti</span> <span class='ocrx_word' id='word_1_236' title='bbox 1115 4046 1316 4152; x_wconf 88' lang='lat' dir='ltr'>prepositi</span> <span class='ocrx_word' id='word_1_237' title='bbox 1350 4046 1615 4154; x_wconf 88' lang='lat' dir='ltr'>prepositure</span> <span class='ocrx_word' id='word_1_238' title='bbox 1650 4045 1829 4154; x_wconf 82' lang='lat' dir='ltr'>predicti</span> <span class='ocrx_word' id='word_1_239' title='bbox 1864 4033 2016 4132; x_wconf 73' lang='lat' dir='ltr'>Mona·¹</span> 
     </span>
     <span class='ocr_line' id='line_1_28' title="bbox 357 4157 2009 4273; baseline 0.004 -33"><span class='ocrx_word' id='word_1_240' title='bbox 357 4158 470 4269; x_wconf 85' lang='lat' dir='ltr'>sterij</span> <span class='ocrx_word' id='word_1_241' title='bbox 508 4157 900 4244; x_wconf 86' lang='lat' dir='ltr'>Sanctimonialium</span> <span class='ocrx_word' id='word_1_242' title='bbox 928 4163 972 4243; x_wconf 93' lang='lat' dir='ltr'>in</span> <span class='ocrx_word' id='word_1_243' title='bbox 994 4161 1238 4273; x_wconf 77' lang='lat' dir='ltr'>Stunyutlrky</span> <span class='ocrx_word' id='word_1_244' title='bbox 1261 4165 1412 4248; x_wconf 90' lang='lat' dir='ltr'>eteius</span> <span class='ocrx_word' id='word_1_245' title='bbox 1447 4163 1657 4250; x_wconf 91' lang='lat' dir='ltr'>eleccione</span> <span class='ocrx_word' id='word_1_246' title='bbox 1689 4164 1944 4249; x_wconf 86' lang='lat' dir='ltr'>coniunctim</span> <span class='ocrx_word' id='word_1_247' title='bbox 1966 4175 2009 4247; x_wconf 92' lang='lat' dir='ltr'>et</span> 
     </span>
     <span class='ocr_line' id='line_1_29' title="bbox 357 4277 2008 4396; baseline 0.005 -37"><span class='ocrx_word' id='word_1_248' title='bbox 357 4277 522 4361; x_wconf 89' lang='lat' dir='ltr'>diuisim</span> <span class='ocrx_word' id='word_1_249' title='bbox 544 4281 768 4362; x_wconf 90' lang='lat' dir='ltr'>summarie</span> <span class='ocrx_word' id='word_1_250' title='bbox 788 4279 1033 4389; x_wconf 88' lang='lat' dir='ltr'>simpliciter</span> <span class='ocrx_word' id='word_1_251' title='bbox 1055 4307 1106 4362; x_wconf 88' lang='lat' dir='ltr'>ac</span> <span class='ocrx_word' id='word_1_252' title='bbox 1128 4283 1218 4364; x_wconf 90' lang='lat' dir='ltr'>sine</span> <span class='ocrx_word' id='word_1_253' title='bbox 1240 4284 1421 4394; x_wconf 87' lang='lat' dir='ltr'>strepitu</span> <span class='ocrx_word' id='word_1_254' title='bbox 1441 4293 1484 4366; x_wconf 91' lang='lat' dir='ltr'>et</span> <span class='ocrx_word' id='word_1_255' title='bbox 1502 4279 1642 4396; x_wconf 88' lang='lat' dir='ltr'>figura</span> <span class='ocrx_word' id='word_1_256' title='bbox 1669 4282 1829 4392; x_wconf 81' lang='lat' dir='ltr'>Judicij</span> <span class='ocrx_word' id='word_1_257' title='bbox 1859 4312 2008 4394; x_wconf 90' lang='lat' dir='ltr'>proce-</span> 
     </span>
     <span class='ocr_line' id='line_1_30' title="bbox 358 4394 2010 4509; baseline 0.006 -32"><span class='ocrx_word' id='word_1_258' title='bbox 358 4394 485 4481; x_wconf 90' lang='lat' dir='ltr'>dendi</span> <span class='ocrx_word' id='word_1_259' title='bbox 519 4396 737 4481; x_wconf 89' lang='lat' dir='ltr'>ordinandi</span> <span class='ocrx_word' id='word_1_260' title='bbox 776 4399 1055 4509; x_wconf 90' lang='lat' dir='ltr'>componendi</span> <span class='ocrx_word' id='word_1_261' title='bbox 1091 4398 1325 4484; x_wconf 90' lang='lat' dir='ltr'>arbitrandi</span> <span class='ocrx_word' id='word_1_262' title='bbox 1362 4403 1653 4485; x_wconf 90' lang='lat' dir='ltr'>sentenciandi</span> <span class='ocrx_word' id='word_1_263' title='bbox 1698 4401 1931 4486; x_wconf 89' lang='lat' dir='ltr'>diffiniendi</span> <span class='ocrx_word' id='word_1_264' title='bbox 1966 4414 2010 4487; x_wconf 93' lang='lat' dir='ltr'>et</span> 
     </span>
     <span class='ocr_line' id='line_1_31' title="bbox 355 4514 2008 4633; baseline 0.004 -35"><span class='ocrx_word' id='word_1_265' title='bbox 355 4514 686 4624; x_wconf 87' lang='lat' dir='ltr'>pronuncciandi</span> <span class='ocrx_word' id='word_1_266' title='bbox 704 4518 748 4598; x_wconf 95' lang='lat' dir='ltr'>in</span> <span class='ocrx_word' id='word_1_267' title='bbox 769 4520 925 4629; x_wconf 90' lang='lat' dir='ltr'>scripto</span> <span class='ocrx_word' id='word_1_268' title='bbox 946 4517 1015 4601; x_wconf 91' lang='lat' dir='ltr'>uel</span> <span class='ocrx_word' id='word_1_269' title='bbox 1035 4520 1182 4605; x_wconf 90' lang='lat' dir='ltr'>nonin</span> <span class='ocrx_word' id='word_1_270' title='bbox 1202 4522 1372 4633; x_wconf 84' lang='lat' dir='ltr'>scripto,</span> <span class='ocrx_word' id='word_1_271' title='bbox 1404 4519 1522 4604; x_wconf 80' lang='lat' dir='ltr'>duris</span> <span class='ocrx_word' id='word_1_272' title='bbox 1557 4519 1701 4606; x_wconf 88' lang='lat' dir='ltr'>ordine</span> <span class='ocrx_word' id='word_1_273' title='bbox 1738 4533 1907 4609; x_wconf 90' lang='lat' dir='ltr'>seruato</span> <span class='ocrx_word' id='word_1_274' title='bbox 1939 4522 2008 4607; x_wconf 89' lang='lat' dir='ltr'>vel</span> 
     </span>
     <span class='ocr_line' id='line_1_32' title="bbox 356 4637 2009 4749; baseline 0.005 -31"><span class='ocrx_word' id='word_1_275' title='bbox 356 4651 441 4721; x_wconf 88' lang='lat' dir='ltr'>non</span> <span class='ocrx_word' id='word_1_276' title='bbox 463 4644 632 4719; x_wconf 89' lang='lat' dir='ltr'>seruato</span> <span class='ocrx_word' id='word_1_277' title='bbox 652 4642 942 4745; x_wconf 89' lang='lat' dir='ltr'>promittentes</span> <span class='ocrx_word' id='word_1_278' title='bbox 976 4637 1169 4745; x_wconf 89' lang='lat' dir='ltr'>predicte</span> <span class='ocrx_word' id='word_1_279' title='bbox 1205 4651 1347 4749; x_wconf 87' lang='lat' dir='ltr'>partes</span> <span class='ocrx_word' id='word_1_280' title='bbox 1385 4639 1666 4749; x_wconf 88' lang='lat' dir='ltr'>stipulacione</span> <span class='ocrx_word' id='word_1_281' title='bbox 1702 4669 1903 4726; x_wconf 89' lang='lat' dir='ltr'>manuum</span> <span class='ocrx_word' id='word_1_282' title='bbox 1924 4642 2009 4726; x_wconf 93' lang='lat' dir='ltr'>sol·</span> 
     </span>
     <span class='ocr_line' id='line_1_33' title="bbox 356 4754 2008 4870; baseline 0.003 -31"><span class='ocrx_word' id='word_1_283' title='bbox 356 4754 512 4867; x_wconf 90' lang='lat' dir='ltr'>lempni</span> <span class='ocrx_word' id='word_1_284' title='bbox 533 4763 739 4839; x_wconf 87' lang='lat' dir='ltr'>seratum</span> <span class='ocrx_word' id='word_1_285' title='bbox 760 4765 929 4868; x_wconf 88' lang='lat' dir='ltr'>gratum</span> <span class='ocrx_word' id='word_1_286' title='bbox 951 4764 1081 4869; x_wconf 91' lang='lat' dir='ltr'>atque</span> <span class='ocrx_word' id='word_1_287' title='bbox 1101 4756 1268 4841; x_wconf 89' lang='lat' dir='ltr'>firmum</span> <span class='ocrx_word' id='word_1_288' title='bbox 1303 4768 1508 4870; x_wconf 85' lang='lat' dir='ltr'>perpetue</span> <span class='ocrx_word' id='word_1_289' title='bbox 1542 4758 1785 4845; x_wconf 90' lang='lat' dir='ltr'>habiturum</span> <span class='ocrx_word' id='word_1_290' title='bbox 1814 4771 2008 4847; x_wconf 89' lang='lat' dir='ltr'>seruatu-</span> 
     </span>
    </p>
   </div>
   <div class='ocr_carea' id='block_1_4' title="bbox 357 4939 2006 5120">
    <p class='ocr_par' dir='ltr' id='par_1_4' title="bbox 357 4939 2006 5120">
     <span class='ocr_line' id='line_1_34' title="bbox 458 4939 2006 5094; baseline 0.003 -88"><span class='ocrx_word' id='word_1_291' title='bbox 458 4940 500 5024; x_wconf 54' lang='grc' dir='ltr'>(ἲ)</span> <span class='ocrx_word' id='word_1_292' title='bbox 522 4939 645 5006; x_wconf 81' lang='lat' dir='ltr'>Faetus</span> <span class='ocrx_word' id='word_1_293' title='bbox 661 4960 745 5006; x_wconf 83' lang='lat' dir='ltr'>anno</span> <span class='ocrx_word' id='word_1_294' title='bbox 763 4942 844 5007; x_wconf 79' lang='lat'><strong>1432</strong></span> <span class='ocrx_word' id='word_1_295' title='bbox 860 4941 1007 5027; x_wconf 85' lang='lat' dir='ltr'>sequenti</span> <span class='ocrx_word' id='word_1_296' title='bbox 1033 4940 1209 5040; x_wconf 77' lang='lat' dir='ltr'>episcopus</span> <span class='ocrx_word' id='word_1_297' title='bbox 1225 4941 1431 5094; x_wconf 48' lang='lat' dir='ltr'>rufianensis,</span> <span class='ocrx_word' id='word_1_298' title='bbox 1448 4953 1481 5043; x_wconf 73' lang='lat' dir='ltr'>et</span> <span class='ocrx_word' id='word_1_299' title='bbox 1497 4944 1577 5042; x_wconf 61' lang='lat'>1442}</span> <span class='ocrx_word' id='word_1_300' title='bbox 1594 4945 1715 5043; x_wconf 74' lang='lat' dir='ltr'>primas</span> <span class='ocrx_word' id='word_1_301' title='bbox 1738 4945 2006 5034; x_wconf 85' lang='lat' dir='ltr'>archiepiscopus</span> 
     </span>
     <span class='ocr_line' id='line_1_35' title="bbox 357 5025 1659 5120; baseline 0.004 -28"><span class='ocrx_word' id='word_1_302' title='bbox 357 5027 558 5114; x_wconf 80' lang='lat' dir='ltr'>gnesnensis.</span> <span class='ocrx_word' id='word_1_303' title='bbox 583 5025 714 5116; x_wconf 78' lang='lat' dir='ltr'>Oporcu</span> <span class='ocrx_word' id='word_1_304' title='bbox 730 5025 810 5091; x_wconf 82' lang='lat' dir='ltr'>villa</span> <span class='ocrx_word' id='word_1_305' title='bbox 824 5028 894 5113; x_wconf 88' lang='lat' dir='ltr'>ejus</span> <span class='ocrx_word' id='word_1_306' title='bbox 908 5027 1043 5114; x_wconf 88' lang='lat' dir='ltr'>propria</span> <span class='ocrx_word' id='word_1_307' title='bbox 1057 5048 1091 5092; x_wconf 88' lang='lat' dir='ltr'>m</span> <span class='ocrx_word' id='word_1_308' title='bbox 1106 5037 1241 5113; x_wconf 83' lang='lat' dir='ltr'>autrqua</span> <span class='ocrx_word' id='word_1_309' title='bbox 1286 5029 1463 5096; x_wconf 85' lang='lat' dir='ltr'>anciorensr</span> <span class='ocrx_word' id='word_1_310' title='bbox 1477 5051 1659 5120; x_wconf 76' lang='lat' dir='ltr'>provincia</span> 
     </span>
    </p>
   </div>
   <div class='ocr_carea' id='block_1_5' title="bbox 0 0 2710 6309">
    <p class='ocr_par' dir='ltr' id='par_1_5' title="bbox 0 0 2710 6309">
     <span class='ocr_line' id='line_1_36' title="bbox 0 0 2710 6309; baseline 0 0"><span class='ocrx_word' id='word_1_311' title='bbox 0 0 2710 6309; x_wconf 95' lang='lat' dir='ltr'> </span> 
     </span>
    </p>
   </div>
  </div>
 </body>
</html>
