5409 6309
1073 828 1120 850 ..
1175 790 1251 867 2th
1304 816 1349 848 a.

374 1005 476 1086 bam
497 999 717 1099 habituris
766 984 883 1097 Quia
899 994 1101 1105 prouidus
1119 995 1186 1077 vir
1206 993 1361 1079 Hansil
1380 988 1691 1102 dlibs'Vernerj
1709 990 1766 1078 de
1785 995 2056 1110 Hcpuewultlr'

158 1194 161 1204 ,
290 1192 297 1204 .
373 1127 519 1204 noster
539 1118 722 1207 scrutor
740 1112 879 1199 fidelis
901 1128 998 1197 curn
1017 1112 1191 1195 licentia
1211 1122 1257 1195 et
1274 1106 1424 1196 fauore
1453 1120 1598 1197 nostro
1621 1112 1984 1200 emit'scultetia'm
2005 1117 2050 1197 iri

373 1238 639 1323 vdltuostra
658 1231 858 1317 &aas
876 1231 945 1345 (’),
966 1228 1208 1341 incipiendo
1231 1256 1258 1311 a
1279 1228 1402 1312 metis
1426 1228 1659 1345 Jurnaobour
1681 1229 1761 1343 (θ)
1781 1259 1831 1327 ex
1863 1238 2054 1342 utraque·

372 1364 497 1465 parte
514 1354 635 1438 davd
656 1346 871 1436 Ktaenon
894 1374 1065 1434 sursum
1087 1349 1594 1463 quinqrragintu'lunens,
1616 1370 1712 1430 curn
1733 1350 1930 1435 omnibus
1944 1351 2052 1462 juri·
2163 1402 2170 1406 -
2234 1288 2240 1297 Ι
2294 1352 2299 1365 ’

373 1474 455 1558 bus
489 1470 709 1589 sicut'alij
742 1470 916 1575 sculteti
933 1471 978 1551 iu
998 1478 1159 1587 nostra
1182 1476 1295 1550 terra
1330 1467 1495 1551 habent
1525 1472 1568 1548 et
1596 1473 1794 1571 utuntur,
1826 1464 1883 1552 ad
1904 1474 2051 1555 omnes

373 1586 543 1677 nauel
562 1592 607 1673 in
628 1596 833 1700 quattuor
853 1598 999 1700 partes
1018 1587 1239 1701 plenariae
1259 1584 1362 1698 (sic)
1383 1585 1555 1689 habeat,
1593 1584 1761 1696 absque
1783 1589 2054 1703 omniimpei

376 1709 576 1793 mente.
629 1707 806 1791 ›ldcirco
839 1709 989 1790 damus
1020 1708 1159 1791 eidem
1190 1703 1392 1787 Hankoni
1413 1702 1515 1819 (sic)
1538 1711 1582 1785 et
1600 1704 1690 1785 suis
1710 1701 1937 1816 legittimis'
1951 1732 2052 1791 suc·
2166 1691 2213 1803 ‚⁶

375 1826 878 1912 monumentorum
898 1828 942 1907 in
962 1818 1081 1909 diota
1101 1824 1200 1908 villa
1230 1820 1432 1905 Borwold
1450 1850 1546 1906 cum
1570 1818 1766 1904 omuibus
1797 1825 2049 1923 redditibus,

374 1945 650 2047 utilitatibus,
682 1971 758 2028 seu
777 1936 1069 2055 'prouentibus
1101 1943 1388 2058 subscriptis„
1404 1940 1607 2026 videlicet
1626 1939 1682 2022 de
1699 1942 1904 2048 predictis
1927 1942 2052 2057 quin·
2104 2002 2109 2009 -
2246 1928 2250 1935 ’

375 2063 588 2177 quaginta
605 2062 736 2146 laneis
759 2065 984 2174 septimum
1020 2056 1215 2163 maneum
1236 2061 1413 2144 liberum
1430 2070 1481 2160 ¹et
1499 2047 1781 2169 proccclesia
1804 2061 1914 2145 duos
1931 2086 2053 2145 man-

259 2206 267 2213 ’
377 2205 447 2266 sos
468 2206 546 2292 pro
566 2180 764 2292 pellendo
798 2210 935 2294 grege
963 2179 1133 2265 liberos.
1185 2176 1376 2263 Piscinas
1410 2207 1506 2261 cum
1527 2178 1776 2262 molendinis
1796 2181 1839 2262 in
1860 2182 2052 2289 predicto

376 2298 506 2384 fluvio
528 2299 726 2385 aurulas
747 2302 823 2384 ubi
842 2300 925 2383 sibi
946 2300 1097 2382 melius
1116 2298 1330 2385 videbitur
1351 2296 1554 2380 edificare
1571 2304 1616 2379 et
1632 2306 1892 2405 construere,
1915 2324 2054 2412 quan·

377 2428 476 2502 tum
489 2444 666 2501 necesse
687 2418 824 2502 fuerit.
845 2414 1100 2501 thabernam
1119 2414 1311 2500 liberam.
1340 2417 1557 2526 pistorem.
1576 2415 1831 2500 carnificem.
1850 2428 2051 2503 sutorem.
2070 2492 2075 2503 .

376 2545 597 2621 sartorem
615 2529 797 2620 fabrum.
814 2534 1068 2653 pannificum.
1093 2534 1362 2644 aliorumque
1383 2536 1742 2639 mechanicorum,
1773 2540 1956 2646 quorum
1978 2558 2054 2618 ne·

377 2680 499 2738 cesse
518 2653 657 2758 fuerit,
679 2665 724 2739 et
744 2656 830 2737 duo
853 2654 1067 2764 quartalia
1087 2678 1164 2762 pro
1181 2653 1298 2736 ortis.
1332 2653 1525 2736 Tertium
1550 2655 1770 2737 denarium
1794 2653 1847 2737 de
1870 2653 1985 2738 omni
2002 2678 2053 2736 re
2099 2742 2104 2750 ,

371 2770 566 2883 jrudiuatu
596 2773 644 2855 in
661 2772 1087 2885 perpetuum-damus
1119 2770 1257 2852 eidem
1291 2771 1498 2885 Sculteto.
1532 2774 1706 2882 suisque
1735 2768 2054 2856 successoribus

378 3054 413 3117 in
427 3050 505 3115 villa
520 3049 687 3117 Barwalth
704 3047 871 3117 Stanislao
885 3048 922 3114 in
937 3046 1051 3114 eadem
1065 3048 1144 3114 villa
1160 3048 1303 3114 sculteto
1320 3022 1437 3114 facta?
1463 3014 1829 3133 Transumpturnregis
1850 3032 2055 3134 sigismundi

381 3157 417 3201 se
444 3135 542 3198 uitur:
1490 3196 1493 3204 .

421 3156 443 3219 q
483 3218 522 3283 ln
541 3216 937 3283 nominedominiamen.
973 3216 1022 3281 Ad
1039 3226 1232 3301 perpetuam
1259 3218 1306 3282 rei
1334 3212 1535 3282 memoriam
1571 3216 1641 3282 Nos
1664 3215 1977 3302 Sigismundusetc.
2000 3217 2056 3284 Si·

379 3302 577 3392 guillaumus
590 3311 657 3367 etc.
679 3300 778 3387 ,Quia
806 3300 987 3367 exhibitum
1004 3311 1057 3369 cst
1072 3322 1187 3375 coram
1201 3301 1300 3373 nobis
1317 3323 1380 3386 pro
1395 3310 1493 3386 parte
1513 3300 1649 3386 ‘procidi
1677 3299 2057 3367 stanislsa'rbereditarii

380 3382 512 3459 sculteti
526 3384 561 3460 iu
575 3378 655 3450 villa
673 3395 792 3455 nostra
818 3386 983 3453 Romalis
1007 3385 1219 3486 privilegium
1246 3384 1496 3483 infrascriptam
1517 3385 1579 3455 sub
1601 3383 1698 3451 titula
1718 3393 1751 3450 ct
1773 3383 1885 3471 sigillo
1912 3384 2058 3453 illustris

359 3550 362 3555 Ι
381 3470 459 3538 olim
473 3467 612 3537 Domini
636 3470 779 3536 Joanuis
807 3470 902 3536 ducis
915 3469 1282 3556 Osswrjenczijmensis,
1306 3468 1592 3569 supphcutnmque
1608 3478 1660 3536 est
1675 3468 1784 3552 nobis,
1800 3468 1932 3536 utillud
1945 3470 1989 3537 ab
2003 3472 2056 3536 ai-

379 3558 479 3635 mian
491 3555 580 3621 illius
597 3564 800 3623 vetustatem
814 3564 849 3621 et
864 3554 965 3644 sigilli
979 3556 1178 3643 tractionem
1193 3556 1235 3623 de
1249 3555 1457 3643 benignitate
1484 3566 1602 3623 nostra
1629 3577 1665 3621 re
1690 3554 1726 3621 ia
1749 3554 1910 3621 innovare
1931 3577 2056 3641 appro-

379 3638 646 3727 bare,ratificare
662 3647 696 3705 et
710 3639 905 3707 confirmae
922 3640 1145 3725 dignaremur.
1167 3641 1271 3711 Cuius
1285 3641 1457 3727 priuilegii
1467 3650 1568 3709 tenor
1582 3664 1603 3706 a
1615 3662 1638 3704 u
1691 3712 1697 3725 ¹
1734 3639 1779 3707 ad
1793 3638 2056 3726 mrbrmsuqs'v

383 3735 437 3792 tur
453 3734 487 3790 et
502 3733 555 3790 est
568 3722 656 3790 talis.
680 3725 765 3807 (Huc
778 3724 885 3790 nostro
898 3726 1003 3791 tabula
1018 3730 1095 3792 anni
1111 3726 1225 3809 1361)
1293 3732 1295 3735 ’

485 3807 556 3876 Nos
570 3809 673 3895 igitur
688 3808 921 3900 Sigismundus
937 3811 1009 3875 Rex

384 3891 525 3963 Scalteti
540 3894 637 3959 iustis
653 3901 687 3959 et
701 3893 824 3961 rationi
839 3895 998 3961 consonis
1016 3833 1059 3960 ad
1074 3916 1136 3960 nos
1149 3895 1317 3980 porrectis
1333 3896 1480 3994 gratiose
1499 3904 1694 3976 annuentes,
1709 3893 1824 3961 literas
1839 3894 2056 3980 prensuras
2170 3898 2176 3903 “

382 3981 418 4045 in
434 3977 587 4043 omnibus
603 3980 674 4044 c‘us
690 3979 770 4059 (sic)
799 3979 1059 4063 conditionibus,
1092 3979 1259 4063 clausulis,
1283 3978 1433 4046 articulis
1453 3992 1487 4046 ct
1502 3981 1676 4064 sententijs
1692 3979 1840 4044 decerta
1869 3979 2010 4045 scicntia
2024 3989 2058 4045 et

385 4061 494 4151 gratia
509 4062 616 4146 spotia
629 4063 639 4126 i
655 4063 780 4131 nostris
796 4064 900 4148 regijs
915 4064 1134 4146 innovandas,
1151 4064 1400 4150 approbandas,
1427 4064 1637 4131 ratificandas
1650 4078 1683 4129 et
1699 4062 1941 4130 confirmandas
1960 4065 2056 4129 duxi-

383 4167 467 4229 mus,
482 4145 753 4230 inmunesque,
769 4147 1003 4234 approbamus,
1016 4149 1215 4215 ratificamus
1232 4161 1266 4216 et
1280 4150 1514 4215 confirmamus
1554 4148 1752 4233 resentibus,
1765 4151 1984 4216 decernentes
1999 4169 2055 4214 eas

285 4267 288 4271 ·
358 4307 369 4319 ·
384 4253 424 4311 ac
441 4231 551 4295 omnia
565 4241 599 4296 et
615 4232 745 4318 singula
758 4233 793 4297 in
808 4230 856 4300 eis
873 4241 1031 4298 contenta
1046 4243 1079 4298 et
1094 4256 1256 4318 expressa
1270 4235 1337 4298 vim
1352 4257 1390 4299 ac
1410 4235 1512 4299 robur
1528 4173 1550 4300 d

386 4313 537 4401 obtinere
566 4317 771 4400 presentium
797 4317 964 4383 literarum
992 4320 1190 4384 auctoritate
1209 4317 1402 4385 accedente.
1438 4319 1477 4384 In
1492 4322 1586 4404 cujus
1602 4318 1651 4384 rei
1665 4317 1891 4389 testimonium
1914 4315 2058 4406 sigillum

381 4406 534 4466 nostrum
550 4408 602 4465 est
615 4401 829 4484 presentibus
844 4403 947 4486 subap
975 4424 1100 4467 ensum.
1122 4404 1247 4468 Datum
1262 4413 1295 4484 et
1307 4414 1416 4469 actum
1431 4405 1577 4471 &cronia
1590 4404 1674 4469 feria
1687 4405 1802 4487 quinta
1815 4402 1967 4488 proxima
1980 4410 2056 4467 ante

383 4487 504 4552 festum
523 4494 712 4549 sanctorum
728 4486 874 4552 Simonis
892 4494 926 4550 et
940 4423 1048 4552 lunae
1064 4486 1303 4575 apostolorum.
1343 4488 1435 4552 Anno
1460 4487 1585 4554 domini
1602 4489 1774 4555 millesimo
1791 4486 2057 4574 quingentesimo

384 4568 557 4657 trigesimo
574 4568 727 4657 septimo,
743 4570 841 4654 regni
857 4570 965 4635 nostri
980 4593 1067 4636 anno
1081 4572 1256 4663 trigesimo
1272 4571 1392 4657 primo.
1416 4569 1634 4640 Prusentibris
1650 4582 1713 4641 etc.
1816 4617 1828 4637 .

263 4656 271 4679 κ
366 4718 368 4723 -
410 4720 412 4725 .
489 4672 530 4752 (a,
554 4671 711 4736 Buwald
723 4674 829 4738 taedai
844 4687 919 4737 'cum
935 4672 1089 4739 scultetis
1104 4682 1138 4738 et
1152 4674 1309 4739 Burwald
1324 4672 1537 4761 dolnp,villae
1557 4676 1590 4739 in
1605 4699 1641 4740 re
1669 4677 1744 4742 'one
1760 4668 2057 4759 antiquaOsvieci·
2121 4752 2124 4761 ,
2175 4717 2183 4723 -

384 4756 502 4822 miensi
519 4757 644 4837 (1676).
681 4756 837 4823 Barrrald
855 4766 983 4843 postea
1004 4779 1063 4823 arx
1084 4758 1156 4841 fuit,
1186 4756 1349 4822 latronum
1381 4756 1520 4824 Silesiao
1547 4762 1582 4825 in
1607 4762 1658 4827 Po
1673 4762 1782 4828 oniam
1810 4759 2059 4845 irrumpentium

385 4839 532 5019 &desib
552 4925 684 4991 Forsan
699 4925 900 4994 Jaroszcwicc
914 4949 988 4998 cum
1004 4925 1167 5005 scultetis,
1178 4926 1301 4992 ibidem
1317 4927 1467 4994 locorum
1482 4929 1604 5010 (1676).
1651 4952 1654 4959 ·
1761 4912 1767 4927 ’

1061 3809 1206 3877 raefatns
1238 3780 1537 3896 supplicationibus
1557 3832 1621 3896 pro
1637 3816 1733 3896 parte
1748 3809 1868 3895 prefati
1899 3778 2060 3876 Stanislai
2091 3818 2098 3835 ⁸
2223 3796 2226 3803 Δ

1552 4233 1639 4299 ebite
1659 4241 1693 4298 et
1706 4243 1869 4320 perpetue
1894 4232 2064 4298 firmitatis·
2188 4308 2192 4315 ι
