5409 6309
1398 835 1674 915 ..um-

708 1054 787 1139 ctis
808 1046 1055 1164 parentibus
1076 1051 1255 1154 totaque
1275 1040 1510 1154 propagine
1530 1036 1638 1123 infra
1658 1067 1835 1146 annum,
1855 1039 2117 1153 temporibus
2137 1047 2366 1156 perpetuis,

706 1183 891 1291 quatuor
910 1177 1159 1277 temporum,
1181 1172 1332 1274 quater
1351 1163 1395 1246 in
1416 1157 1609 1272 quolibet
1630 1188 1760 1265 nnnc,
1779 1162 1933 1245 missas
1956 1171 2151 1272 quatuor,
2167 1165 2368 1252 uidelicet

704 1292 808 1378 lenia
829 1299 1000 1403 quarta,
1022 1284 1187 1397 quinta,
1219 1291 1341 1366 sexta
1362 1291 1405 1364 et
1426 1276 1649 1366 Sabbatha
1681 1278 1973 1364 detunctorum
2005 1279 2218 1366 celebrare
2245 1296 2366 1370 tene-

703 1411 874 1497 buntur.
921 1407 1156 1516 Eidemque
1178 1402 1348 1488 Rectori
1368 1397 1588 1485 Ecclesiae
1601 1402 1692 1509 jam
1714 1399 1855 1491 dictae
1878 1408 1921 1483 et
1940 1401 2027 1485 suis
2046 1400 2248 1512 legitimis
2268 1433 2367 1489 suc·

705 1526 946 1617 sessoribus
968 1523 1199 1609 cumomni
1214 1522 1311 1632 jure
1332 1529 1377 1604 et
1395 1517 1589 1622 utilitate,
1604 1518 1687 1603 hoe
1709 1519 1861 1603 demus
1883 1528 2184 1604 testamentum
2204 1523 2248 1606 in
2267 1552 2366 1636 per·

701 1659 880 1762 petuum
912 1642 1229 1755 possidendum.
1281 1639 1350 1724 Ita
1371 1649 1533 1741 tamen,
1555 1637 1670 1749 quod
1685 1637 1776 1747 jam
1799 1636 1959 1721 dictum
1979 1650 2281 1725 testamentum
2300 1646 2365 1727 in-

704 1762 1005 1855 commutabile
1027 1770 1071 1843 et
1089 1759 1344 1844 invendibile
1367 1761 1439 1863 sit,
1460 1765 1507 1840 et
1526 1754 1584 1839 ab
1602 1755 1800 1839 Ecclesia
1827 1756 2004 1870 ejusque
2026 1760 2123 1844 dote
2138 1786 2365 1871 *nunquam

704 1885 984 1973 alienandum.
1018 1880 1170 1965 Actum
1196 1889 1237 1962 et
1258 1878 1403 1962 datum
1424 1879 1468 1960 in
1491 1873 1648 1957 Grudelc
1668 1874 1797 1960 A..D.
1823 1878 1948 1981 1390,
1968 1878 2012 1960 in
2033 1888 2235 1965 autumno
2258 1884 2364 1967 etin

706 2008 772 2092 die
815 2004 858 2091 S.
902 1999 1104 2088 Stanislai
1138 1997 1355 2084 Pontificis
1398 2008 1440 2080 et
1474 1993 1670 2104 Martyris
1708 1995 1894 2106 gloriosi.
1960 1995 2260 2083 Praesentibus
2299 2002 2365 2087 his

702 2123 881 2210 testibus
915 2117 1139 2205 Nobilibus
1170 2126 1213 2199 et
1242 2116 1446 2199 Discretis
1482 2116 1580 2199 viris
1616 2111 1796 2197 «loannis
1828 2112 1926 2227 (sic)
1959 2127 2002 2198 et
2022 2114 2291 2203 Haeredibus
2313 2122 2365 2206 de
2528 2144 2534 2151 ·

704 2240 933 2338 Buconica
957 2236 1179 2349 Spytkcne
1195 2245 1238 2319 et
1254 2234 1473 2321 Clemente
1495 2232 1695 2316 fratribus
1716 2232 1894 2337 uternis,
1914 2234 2095 2321 Martino
2116 2236 2231 2321 dicto
2250 2234 2367 2323 Ban-

707 2362 887 2447 drescha
907 2358 1087 2442 sculteto
1110 2357 1163 2441 de
1185 2352 1403 2438 Bartloowa
1424 2351 1479 2469 (⁴)
1501 2362 1544 2435 et
1565 2350 1817 2439 Sventoslso
1846 2349 2045 2437 fratribus
2076 2360 2256 2463 uternis,
2287 2359 2366 2471 ,1οῗ

708 2510 816 2567 anne
836 2476 1024 2563 haerede
1043 2476 1089 2560 iu
1108 2471 1278 2559 Zorzela
1300 2482 1343 2556 et
1363 2473 1456 2558 aliis
1476 2470 1558 2555 fide
1581 2471 1734 2585 dignis.
1785 2471 1837 2559 In
1859 2475 1978 2557 euius
1999 2475 2058 2559 rei
2079 2477 2368 2566 testimonium

703 2599 894 2712 sigillum
914 2606 1104 2681 nostrum
1125 2603 1190 2677 est
1210 2620 1458 2707 appensum.
1530 2586 1533 2593 Δ

811 2833 854 2916 (⁴)
874 2830 965 2900 Villa
978 2831 1075 2897 etism
1088 2830 1123 2897 in
1137 2828 1297 2917 parochia
1309 2826 1510 2909 Podoliensi,

1432 3236 1647 3354 Cbllllll.

1063 3497 1373 3601 florencii
1385 3498 1485 3583 -4
1500 3382 1663 3580 santi
1681 3493 1829 3583 1³92
1848 3516 2015 3582 nuno.

703 3744 706 3751 ⁴
755 3721 1047 3819 ''ladislaus
1068 3717 1277 3807 sagello
1292 3735 1349 3790 rex
1362 3717 1501 3793 rabulus
1515 3715 1609 3791 uilloc
1623 3714 1832 3798 Krziszowiee,
1843 3719 1969 3795 lumb
1982 3720 2021 3794 dc
2039 3723 2180 3802 Tomoe,
2196 3722 2322 3813 psum

947 3819 1197 3896 muniens
1210 3819 1399 3933 pnpilsginn
1415 3822 1448 3891 cl
1462 3820 1671 3893 tumrultus
1678 3818 1762 3913 luris
1775 3823 1924 3897 umus
1937 3823 2066 3915 lurotu
2083 3827 2133 3907 (¹).

817 4030 866 4116 In
888 4032 1053 4116 nomine
1076 4029 1231 4115 domini
1252 4054 1388 4110 amen.
1435 4025 1695 4113 Wladislaus
1718 4027 1785 4111 dei
1805 4032 1952 4143 gracia
1980 4030 2073 4118 Rex
2093 4030 2266 4119 Polcnie
2288 4063 2369 4122 nee

713 4178 798 4236 non
833 4159 1035 4234 terrarum
1060 4147 1267 4237 Oracouie
1289 4145 1551 4233 Saudomirie
1575 4144 1737 4232 Siradie
1758 4146 1962 4236 Lancicie
1984 4151 2175 4263 Ouyauie
2194 4152 2368 4241 lituanie

713 4271 909 4384 princeps
931 4297 1163 4380 supremus.
1205 4267 1453 4353 Pomeranie
1475 4265 1714 4378 Russieque
1736 4267 1929 4356 dominus
1952 4271 2150 4377 etheree,
2173 4281 2254 4359 eto.
2299 4274 2370 4361 Ad

556 4454 559 4471 ,
711 4390 773 4474 rei
805 4391 1048 4476 memoriam
1084 4389 1402 4499 sempiternam,
1445 4385 1743 4499 significamus
1783 4390 1989 4475 vniuersis
2025 4391 2292 4500 presentibus
2325 4404 2370 4478 et

715 4508 863 4593 futuris
883 4509 1144 4620 presencium
1167 4509 1367 4593 noticiam
1386 4505 1611 4610 habituris,
1649 4501 1774 4606 Quod
1795 4509 2072 4597 consideratis
2092 4511 2368 4624 multiplicum

546 4716 550 4725 .
717 4622 1015 4741 obsequiorum
1034 4626 1311 4712 fidelitatibus
1334 4640 1376 4710 et
1395 4626 1552 4710 meritis
1574 4625 1729 4735 quibus
1751 4628 1865 4737 apud
1885 4639 2072 4715 nostram
2103 4631 2368 4721 maiestatem

608 4842 615 4855 κ
698 4872 699 4881 Ν
717 4744 879 4829 validus
890 4744 1118 4832 <lohannes
1141 4747 1194 4831 de
1216 4747 1410 4831 thmow
1432 4745 1646 4857 palatinus
1666 4756 1810 4833 noster
1831 4747 2203 4855 Ssudcmiriensis,
2233 4748 2369 4834 fidelis

821 5004 860 5089 (ι)
882 5001 935 5072 Ex
949 4992 1130 5093 archetypo
1144 5004 1353 5095 descriptum.
1377 5005 1473 5076 conf.
1487 5005 1633 5077 tabulam
1647 5007 1716 5091 (NE
1728 5007 1907 5095 CLXXII)
1927 5032 2028 5100 supra
2038 5010 2170 5093 editam.
2184 5011 2261 5081 sani
2275 5010 2372 5098 1888,
