5409 6309
1029 842 1303 950 ..47]-

256 1085 257 1094 ¹
347 1038 504 1123 Datum
524 1069 600 1151 per
620 1068 767 1125 manns
797 1039 947 1151 prefati
983 1043 1219 1130 Reuerendi
1254 1047 1384 1154 patris
1422 1049 1576 1133 domini
1599 1027 1770 1158 ‘Oreslaj
1792 1009 1992 1165 Episcopi

349 1157 709 1246 Wladislaviensie
733 1171 775 1244 et
797 1161 1045 1273 Cancellarij
1067 1161 1206 1275 Regni
1227 1167 1358 1249 nostri
1377 1165 1510 1250 Nobis
1530 1169 1691 1252 sincere
1712 1169 1861 1255 dilecti.

1172 1400 1346 1488 Belacio
1385 1402 1574 1512 ejusdem
1604 1403 1842 1490 Reuerendi
1861 1409 1991 1517 patris

1173 1522 1326 1606 domini
1363 1521 1521 1632 Oreslaj
1544 1522 1745 1634 Episcopi
1766 1525 1993 1612 Wladisla·

1170 1642 1328 1725 vieusis
1349 1651 1392 1724 et
1410 1642 1464 1733 a..
1483 1643 1531 1726 P.
1554 1641 1814 1753 Cancellarij.

1086 2031 1106 2082 Ι

1044 2109 1314 2230 ccxxxlx.

445 2347 449 2356 ’
555 2365 1009 2453 cracoviae-dte
1024 2366 1102 2454 ’16
1127 2366 1426 2451 Februarii
1450 2364 1596 2453 1502
1621 2387 1785 2452 anno.

292 2587 299 2598 ’
345 2582 627 2663 Alexander
648 2605 704 2660 rex
716 2588 903 2680 pantenu
925 2547 1064 2662 talant
1085 2587 1188 2680 nigri
1206 2604 1298 2678 snper
1319 2586 1520 2660 molendam
1541 2602 1634 2676 propr
1655 2588 1796 2680 cppilnn
1817 2590 1993 2680 Radoupa

531 2687 633 2775 eitun
648 2691 776 2764 lutino
791 2691 863 2765 alin
884 2689 1000 2778 utun,
1021 2689 1090 2782 eju
1110 2689 1278 2764 seauton
1294 2689 1416 2762 linoln
1436 2687 1563 2779 rnitrn,
1584 2690 1740 2764 nntrnrt
1755 2695 1806 2775 (¹).

448 2912 500 2995 In
520 2916 685 2997 nomine
708 2913 863 2998 domini
884 2944 1019 2999 amen.
1051 2915 1121 3000 Ad
1134 2922 1386 3026 perpetuam
1405 2913 1465 2996 rei
1486 2917 1741 2998 memoriam.
1763 2915 1991 3003 Factorum

346 3032 530 3116 omnium
549 3034 593 3114 in
612 3033 739 3117 rebus
760 3035 995 3118 mortalium
1015 3035 1117 3118 nulli
1137 3044 1260 3117 aetus
1290 3042 1434 3116 extant
1469 3031 1576 3117 adeo
1614 3029 1799 3118 diutumi
1818 3038 1896 3119 nisi
1918 3041 1992 3146 qui

344 3151 599 3237 mandantur
618 3152 832 3236 literarum
864 3154 1143 3260 munimentis,
1178 3161 1226 3235 ut
1259 3151 1519 3260 posteritatis
1555 3178 1727 3262 quoque
1762 3155 1993 3264 prodantur

344 3271 639 3376 recordacione
672 3280 882 3384 quatenus
917 3272 1145 3358 humanam
1185 3268 1352 3354 saluent
1391 3272 1645 3357 memoriam,
1695 3271 1876 3358 Proinde
1913 3279 2026 3384 nde,

257 3461 260 3465 Δ
345 3389 584 3476 Alexander
606 3390 674 3474 dei
693 3392 840 3503 gracia
859 3388 952 3477 Rex
971 3394 1147 3501 polonie,
1183 3418 1264 3473 nec
1284 3416 1371 3473 non
1390 3399 1592 3476 terrarum
1629 3390 1847 3495 Oracouie,
1883 3392 1990 3481 San-

347 3510 528 3614 domirie,
550 3508 724 3614 Siradie‚
745 3510 958 3615 Laminie,
980 3513 1183 3624 Ouyauie,
1214 3505 1398 3621 Magnus
1436 3510 1520 3595 dux
1554 3509 1792 3614 Lithnanie,
1821 3511 1986 3599 Russie.

343 3630 510 3716 Prussie
527 3629 823 3715 acOulmensis
840 3643 883 3715 et
897 3627 1132 3715 Elbineneis
1145 3627 1241 3745 (sic)
1257 3629 1583 3744 pomeranieque
1602 3629 1791 3715 dominus
1807 3632 1991 3732 etheree.
2003 3699 2022 3724 ..

347 3748 644 3860 Significamus
655 3760 798 3835 tenore
805 3754 1068 3862 presencium
1077 3761 1156 3834 eto.
1170 3747 1784 3850 Quomodolicetmolandinum
1796 3749 1893 3863 (sic)
1913 3782 1990 3839 no·

346 3880 478 3951 strum
497 3895 628 3977 prope
651 3870 822 3978 opidum
841 3869 1109 3955 Radosclu'cre
1127 3870 1171 3952 in
1190 3867 1318 3954 fluvio
1341 3865 1509 3972 leuctra,
1530 3867 1778 3952 hereditario
1794 3870 1909 3980 jure,.
1924 3872 1988 3954 di-

347 3995 484 4073 screto
514 3985 602 4090 viro
623 3984 803 4071 Martino
824 3988 1148 4074 molendinatori
1176 3997 1220 4070 et
1238 3986 1477 4093 posteritati
1497 4015 1571 4069 sue
1606 3986 1792 4097 legitime
1829 3990 1986 4097 datum,

347 4110 547 4192 donatum
569 4112 612 4188 ct
632 4107 881 4216 asscriptum
903 4110 1132 4222 antiquitus
1155 4105 1334 4192 extiterit
1370 4105 1424 4189 ab
1462 4105 1725 4189 serenissimo
1763 4107 1858 4191 olim
1880 4111 1987 4191 anti·

347 4252 433 4341 qno
453 4223 665 4309 Karimiro
686 4223 806 4336 Rege
826 4225 996 4312 Polonie
1032 4228 1330 4336 predecessore
1366 4233 1509 4310 nostro
1553 4226 1797 4337 erigendum
1821 4237 1864 4310 et
1883 4255 1983 4312 con-

297 4411 298 4416 *
340 4345 584 4431 struendum
603 4372 679 4454 pro
698 4344 903 4455 regalium
923 4357 1203 4456 proventuum
1223 4344 1383 4429 meliori
1420 4344 1663 4429 condicione
1700 4354 1743 4426 et
1777 4335 1984 4429 molandiss

347 4476 537 4553 natorum
562 4466 685 4547 etiam
705 4463 899 4570 utilitate,
919 4474 1061 4548 tamen
1082 4492 1219 4576 exque
1240 4467 1377 4575 ipsum
1405 4463 1686 4549 molendinum
1720 4464 1985 4576 negligencia

349 4597 392 4669 et
411 4584 620 4671 discordia
639 4581 907 4692 plurimorum
927 4583 981 4666 ad
1000 4583 1138 4692 ipsum
1159 4592 1202 4664 et
1223 4583 1277 4666 ad
1297 4583 1428 4692 sajus
1460 4590 1700 4693 competere
1732 4584 1984 4693 pretenden-

450 4822 490 4903 (¹)
513 4816 608 4886 Cous.
623 4815 765 4882 tabulam
779 4814 1026 4902 praecedentem
1042 4814 1082 4880 ad
1098 4814 1182 4880 diem
1199 4818 1238 4880 14
1253 4815 1444 4899 septembris
1461 4817 1541 4882 1369
1558 4838 1585 4882 a.
1601 4818 1691 4904 typis
1721 4816 1913 4883 mandatam.
1947 4817 1985 4884 In

344 4905 429 4974 libro
443 4905 599 4974 Metricos
606 4902 720 4988 Regni
735 4900 815 4983 (vol.
831 4905 881 4980 17,
897 4899 951 4968 fol.
967 4902 1044 4982 308)
1058 4899 1132 4967 talis
1146 4896 1401 4985 legitartabulae
1418 4898 1543 4966 titulus:
1555 4901 1734 4969 Innovaeio
1751 4901 1915 4989 priuilegii
1931 4925 1984 4969 sn·

349 5016 406 5079 per
419 4989 637 5083 molendinum
654 4987 729 5071 (sic)
744 5010 847 5074 prope
862 4986 1017 5074 oppidum
1031 4985 1267 5054 Badoschicze.
