5409 6309
1362 863 1441 901 ”-
1495 850 1569 922 llo
1622 885 1670 901 ··-

709 1048 751 1119 ct
772 1034 1072 1139 confirmatum,
1094 1035 1312 1145 aprobare,
1333 1032 1548 1138 inncuare,
1582 1033 1792 1118 ratificare
1814 1035 2096 1146 dignaremur3
2115 1036 2235 1119 cuius
2259 1037 2352 1146 qui·

705 1156 800 1240 dem
832 1153 1039 1266 priuilegii
1073 1164 1194 1238 tenor
1215 1154 1267 1236 de
1289 1151 1420 1236 uerbo
1455 1152 1511 1234 ad
1541 1148 1730 1237 Verbum
1758 1155 1950 1265 sequitur
1968 1155 2012 1236 in
2033 1154 2145 1238 hunc
2166 1154 2349 1240 modum:

812 1274 1018 1358 1440.1n
1039 1275 1206 1358 nomine
1239 1271 1395 1355 domini
1430 1299 1565 1356 amen.
1620 1272 1689 1356 Ad
1723 1282 1971 1382 perpetuam
2005 1275 2067 1357 rei
2093 1275 2348 1359 memoriam.

707 1398 816 1483 Cum
834 1388 973 1479 labilis
993 1393 1178 1475 humane
1198 1401 1349 1473 natiue
1372 1388 1562 1475 condicio
1584 1390 1686 1474 nihil
1709 1390 1760 1474 de
1781 1401 1893 1475 sorte
1914 1394 2038 1476 huius
2061 1392 2211 1476 caduci
2231 1392 2349 1475 fasti·

706 1519 765 1630 gii
785 1517 953 1625 penitus
977 1512 1159 1595 creditur
1178 1511 1276 1592 hinc
1299 1507 1458 1591 deferre
1479 1518 1577 1620 post
1598 1511 1828 1594 discessum
1863 1513 1944 1595 nisi
1978 1511 2093 1625 quod
2113 1513 2193 1621 piis
2216 1513 2346 1622 operi·

703 1637 783 1721 bus
805 1635 903 1719 illuc
924 1628 1133 1716 videbitur
1152 1628 1400 1739 premisisse:
1422 1637 1566 1712 nostra
1585 1631 1714 1739 igitur
1735 1629 1973 1715 humanitas
1996 1655 2081 1739 que
2099 1630 2241 1715 locum
2257 1659 2350 1715 mu·

703 1753 922 1840 nificencie
943 1750 1108 1834 uidetur
1130 1750 1348 1861 exquirere
1385 1756 1429 1829 et
1462 1749 1670 1832 interdum
1704 1751 1895 1862 personis
1931 1750 2069 1834 minus
2104 1750 2351 1864 necessariis
2387 1823 2389 1826 .

704 1902 843 1965 amore
865 1870 1089 1954 clemencie
1125 1895 1204 1950 sua
1239 1866 1447 1950 desideria
1484 1867 1686 1981 largiatur
1718 1877 1878 1977 quanto
1901 1869 2082 1980 graciosi
2100 1870 2255 1952 intuitu
2295 1868 2351 1953 ad

701 1996 911 2084 ministros
933 2015 1041 2099 quos
1063 1989 1118 2072 ad
1137 1987 1237 2072 fidei
1260 1986 1472 2098 catholice
1493 1998 1536 2070 et
1556 1987 1692 2071 cultus
1713 1990 1780 2071 sui
1797 1989 2154 2101 propagacioncm
2173 1987 2352 2071 inefabi-

700 2118 749 2201 lis
771 2112 909 2196 diuina
930 2108 1198 2217 prouidencie
1221 2106 1441 2215 deputauit
1462 2107 1640 2193 altitudo
1676 2134 1726 2189 ac
1748 2133 1963 2194 sacrarum
1998 2109 2124 2192 edum
2157 2109 2351 2192 immuni·

701 2245 811 2320 tates
832 2239 875 2315 et
893 2224 1129 2339 profectum
1148 2234 1249 2311 uota
1283 2252 1363 2310 sua
1397 2227 1577 2339 dirigere
1606 2225 1764 2311 debent
1784 2229 1838 2342 (³)
1860 2239 1905 2315 et
1924 2226 2112 2315 conferre
2131 2225 2206 2311 ubi
2227 2228 2350 2340 quic·

703 2353 806 2465 quid
825 2351 1021 2436 tribuitur
1044 2346 1237 2431 donantis
1258 2346 1416 2431 utilitas
1456 2346 1730 2457 multiplicato
1765 2347 1906 2434 fructu
1939 2347 2010 2433 hic
2045 2359 2090 2431 et
2122 2350 2165 2430 in
2203 2356 2347 2430 eterna

700 2472 915 2557 mansione
936 2474 1158 2577 augeatur.
1204 2466 1383 2554 Proinde
1419 2493 1497 2550 nos
1518 2465 1756 2550 Vladislaus
1777 2472 1932 2552 tercius
1969 2467 2038 2551 dei
2074 2467 2220 2579 gracia
2256 2464 2349 2550 Rex

698 2591 880 2695 Polonie,
899 2612 1083 2672 necnon
1103 2594 1306 2671 terrarum
1326 2583 1562 2672 Graccovie
1583 2582 1678 2697 (sic)
1702 2582 1974 2690 Sandcmirie,
1997 2585 2172 2694 Siradie,
2192 2586 2349 2670 Lanci-

699 2716 774 2814 cic,
797 2710 986 2813 Ouiauie,
1005 2707 1201 2790 Lituanie
1220 2708 1416 2816 princeps
1437 2730 1698 2814 suppremuS,
1730 2707 1989 2808 Pomeranie,
2012 2706 2247 2817 Russieque
2272 2704 2347 2787 do-

699 2837 834 2934 minus
853 2840 898 2912 et
915 2831 1050 2922 heres.
1084 2826 1383 2939 Significamus
1405 2834 1550 2907 tenore
1570 2828 1834 2933 presencium
1855 2828 2013 2939 quibus
2049 2828 2217 2939 expedit
2250 2823 2344 2908 uni·

657 3017 659 3028 ,
701 2953 832 3035 uersis
852 2946 1120 3061 presentibus
1142 2956 1185 3029 ct
1204 2942 1353 3029 futuris
1383 2944 1531 3030 harum
1551 2946 1751 3028 noticiam
1772 2945 1991 3031 habituris:
2027 2941 2259 3045 ‘Quomodo
2290 2944 2347 3027 ad
2455 2959 2462 2980 ‘

699 3081 842 3157 nostre
861 3069 1110 3182 magestatis
1132 3065 1341 3150 accedens
1363 3065 1625 3175 presenciam
1645 3066 1896 3151 venerabilis
1918 3075 2037 3177 pater
2068 3064 2349 3172 Mathiasab·

699 3192 779 3278 bas
798 3188 1043 3274 monasterii
1062 3195 1211 3271 sancte
1247 3186 1382 3270 crucis
1414 3184 1537 3269 Calui
1562 3186 1714 3270 montis
1752 3187 1906 3270 ordinis
1942 3189 2082 3272 sancti
2114 3181 2349 3290 Benedicti,

701 3313 879 3395 deuotus
901 3293 1044 3393 noster
1065 3307 1255 3410 dilectus,
1277 3334 1357 3388 sua
1378 3310 1696 3413 conventusque
1718 3308 1782 3389 sui
1802 3319 2000 3417 porrecta
2020 3306 2088 3422 (⁴),
2118 3309 2349 3417 quamdam

698 3434 879 3518 litteram
912 3453 988 3512 seu
1021 3424 1282 3537 privilegium
1308 3451 1635 3535 purgameneum
1651 3423 1790 3536 sigillo
1807 3427 2069 3539 ‘magestatis
2110 3427 2347 3539 sigillatam,

703 3548 1018 3671 diuamemoric
1034 3547 1289 3629 serenissimi
1308 3543 1507 3654 principis
1518 3542 1672 3627 domini
1694 3543 1910 3650 Vladislai,
1946 3547 2046 3632 olim
2066 3546 2198 3658 Regis
2219 3547 2343 3633 Polo·

699 3675 766 3756 nie
785 3667 1065 3781 progenitoris
1085 3666 1218 3749 nostri
1237 3664 1472 3749 charissimi
1492 3666 1603 3749 omni
1622 3691 1791 3773 prorsus
1819 3667 1928 3751 uicio
1953 3676 1996 3751 et
2014 3667 2250 3776 suspicione
2271 3693 2344 3751 ca·

699 3804 871 3894 rentem,
894 3792 945 3874 de
966 3794 1009 3868 et
1029 3811 1153 3894 super
1175 3787 1358 3869 omnium
1380 3782 1585 3869 bonorum
1606 3794 1649 3865 et
1667 3784 1859 3867 uillarum
1895 3786 2070 3869 claustri
2092 3798 2135 3869 ct
2155 3814 2344 3871 conuen-

699 3924 767 3995 tus
788 3909 1069 4021 predictorum
1089 3902 1359 3988 libertacione
1381 3911 1423 3984 et
1446 3903 1726 4012 exempcionc,
1762 3903 1818 3987 ab
1843 3904 2142 4010 exactionibus,
2165 3903 2345 3990 solucio-

566 4075 574 4086 ν
699 4027 838 4133 nibus,
859 4023 1258 4126 contribucionibus,
1279 4021 1460 4128 tributis,
1482 4022 1681 4124 collectis,
1700 4051 1727 4128 a
1746 4022 1840 4134 sept,
1862 4051 2016 4128 aarzaz,
2026 4020 2232 4137 poradlne,
2252 4024 2344 4109 vul·

699 4150 858 4263 gariter
890 4140 1140 4248 Crolr'eatbuo,
1176 4143 1372 4246 uecturia,
1410 4142 1609 4246 ducturis,
1638 4142 1845 4253 podaode‘r,
1882 4171 2080 4255 agrorum
2115 4154 2341 4255 pratorum,

698 4269 911 4371 messium,
932 4266 1128 4376 poncium
1149 4258 1376 4365 laboribus,
1399 4270 1441 4343 et
1461 4260 1517 4344 ab
1539 4260 1732 4346 omnibus
1764 4264 1960 4375 angariis,
1987 4263 2264 4376 p'reangariis,
2300 4273 2343 4346 et

697 4388 909 4490 molestiis,
933 4383 1116 4468 omnium
1137 4380 1277 4493 Regni
1297 4380 1470 4466 Polonie
1489 4379 1795 4491 pallatinorum,
1825 4382 2160 4487 castellanorum,
2181 4384 2343 4492 capita·

699 4536 885 4608 neotum,
908 4502 1122 4606 dudicum,
1143 4501 1422 4614 subindicum,
1445 4508 1487 4583 et
1509 4502 1755 4608 quorumuis
1787 4498 2008 4585 oficialium
2033 4513 2075 4585 et
2095 4502 2342 4585 ministeria·

697 4624 797 4709 lium
817 4622 1069 4725 eorumdem,
1086 4620 1334 4705 monstravit
1356 4628 1398 4703 ct
1418 4620 1602 4704 ostendit
1630 4619 1839 4703 humiliter
1874 4620 2155 4730 supplicando
2190 4629 2343 4732 quate*
2471 4719 2477 4732 ἱ

699 4771 778 4828 nus
799 4742 879 4828 sibi
900 4771 952 4826 ex
966 4740 1110 4826 innata
1128 4737 1249 4825 nobis
1265 4738 1403 4850 Regia
1418 4738 1695 4851 benignitatis
1712 4739 1951 4844 clemencia,
1968 4740 2145 4824 eandem
2163 4740 2343 4823 litteram

804 4925 841 5005 ι’)
865 4922 1089 4990 Abbreriatio:
1106 4924 1148 5000 dt,
1164 4922 1294 4988 debent.

803 5010 842 5094 (⁴)
865 5008 942 5075 Hoc
956 5005 1031 5074 loco
1047 5006 1201 5073 nonnulla
1214 5005 1315 5073 verba
1331 5008 1452 5074 omissa
1466 5027 1545 5084 esse,
1563 5004 1723 5074 videntur.
