5409 6309
1365 712 1369 719 .

1367 760 1376 771 .

1239 778 1243 783 ,
1599 798 1602 806 ι

1066 790 1344 867 num-

370 994 534 1078 dabunt
552 992 620 1076 vel
640 1015 717 1102 pro
738 990 933 1103 quolibet
967 986 1155 1076 Prandio
1186 1017 1265 1099 per
1295 1015 1370 1072 sex
1401 996 1543 1073 scotos
1581 1013 1823 1098 grossorum
1860 991 2037 1095 solvent
2057 1072 2063 1079 .

312 1200 315 1205 ,
368 1138 636 1196 removemus
659 1137 861 1221 namque
880 1108 1041 1192 ibidem
1062 1107 1203 1192 omnia
1223 1105 1333 1189 Jura
1352 1105 1629 1209 Polonicalia‚
1665 1105 1878 1217 Angarias
1900 1119 1944 1191 et
1962 1139 2039 1218 pe·

367 1230 590 1339 rangarias
633 1214 973 1339 qualescunque,
1003 1227 1065 1308 ita
1086 1224 1206 1335 quod
1245 1222 1506 1309 Omethones
1549 1226 1686 1305 dietae
1724 1220 1857 1309 Villae
1895 1252 2037 1312 coram

368 1347 484 1430 nullo
521 1344 693 1428 dudicio
730 1342 958 1428 Polonicali
993 1342 1249 1450 respondere
1286 1339 1556 1440 tenebuntur,
1577 1343 1658 1421 nisi
1680 1367 1822 1422 coram
1845 1343 2038 1427 Sculteto
2152 1426 2157 1439 ,

367 1463 563 1571 Ipsorum
593 1458 898 1543 Theutonicali
930 1456 1036 1543 dure
1066 1456 1286 1566 praedicto
1321 1456 1660 1567 respondebunt,
1682 1455 1900 1541 Scultetus
1936 1488 2038 1544 vero

370 1606 514 1663 coram
548 1574 683 1662 Nobis
698 1584 780 1676 ¹aut
800 1584 944 1683 nostro
969 1572 1139 1657 'Judioe
1175 1573 1478 1658 Theutonicali
1515 1574 1621 1658 dure
1644 1600 1729 1685 quo
1752 1602 1900 1683 supra,
1938 1577 2037 1660 dum
2072 1586 2075 1591 ’

224 1790 228 1801 ‚
370 1705 513 1778 tamen
533 1720 610 1803 per
629 1706 818 1780 nostram
838 1693 1027 1777 Literam
1049 1691 1381 1805 trimitountus,
1417 1693 1631 1776 tenebitur
1665 1693 1934 1800 respondere.
1987 1695 2038 1781 In
2147 1785 2149 1788 ,

370 1814 512 1897 causis
534 1823 677 1901 autem
701 1811 1002 1897 Criminelibus
1025 1806 1355 1921 quibuscunque
1375 1811 1547 1922 Magnis
1567 1810 1637 1894 vel
1656 1814 1798 1918 parvis
1820 1812 2038 1919 praedicto
2158 1832 2161 1841 '

323 1980 326 1987 ·
372 1930 565 2016 Sculteto
587 1939 631 2014 et
653 1928 752 2014 Suis
790 1928 1118 2039 Successoribus
1147 1928 1272 2037 juxta
1307 1925 1454 2038 Ipsum
1475 1928 1556 2012 Jus
1579 1924 1896 2011 Theutonicum
1915 1928 2040 2037 ‘judi-

348 2046 515 2149 cendi,
536 2048 847 2132 condemnandi
869 2056 912 2129 et
930 2047 1132 2156 puniendi
1170 2047 1320 2130 damus
1342 2056 1385 2130 et
1404 2046 1629 2133 tribuimus
1661 2044 1945 2133 omnimodam
1961 2046 2040 2141 ‚fa-

280 2164 295 2277 ‚¹
372 2165 586 2248 cultatem.
638 2165 884 2277 Excipimus
904 2176 1047 2249 tamen
1071 2164 1188 2273 quod
1209 2165 1350 2247 dictus
1372 2163 1589 2249 Scultetus
1612 2174 1655 2247 et
1674 2164 1838 2247 Posteri
1857 2163 1961 2273 Ejus
1984 2166 2061 2249 od.¹

371 2282 605 2395 quamlibet
624 2285 934 2393 expeditionem
957 2282 1197 2394 generalem
1219 2308 1422 2368 cumuno
1444 2285 1612 2369 homine
1645 2280 1892 2370 Galeato-et
1911 2282 2040 2393 Equo
2132 2298 2135 2303 ’
2182 2278 2186 2283 ’

371 2403 484 2485 bono
520 2402 733 2485 tenebitur
767 2404 937 2491 servire.
987 2402 1037 2483 Iu
1068 2401 1188 2510 cujus
1209 2402 1270 2483 rei
1289 2403 1574 2487 testimonium
1611 2403 1813 2487 Nostrum
1847 2400 2041 2512 Sigillum

370 2520 672 2604 Praesentibus
708 2521 904 2612 duximus
942 2519 1285 2630 appendendum.
1347 2521 1510 2603 Datum
1544 2520 1756 2603 Graeculae
1778 2522 1821 2602 in
1843 2517 2042 2603 Crastino

374 2637 521 2723 Sancti
542 2637 763 2720 Michaelis
784 2637 1058 2749 Archangeli.
1110 2636 1234 2721 Anno
1265 2638 1437 2723 Domini
1467 2638 1685 2722 Millesimo
1708 2636 2040 2739 Trecentesim0‚
2094 2714 2096 2721 ,
2138 2626 2144 2637 ’

373 2752 713 2866 Quadragesimo
746 2752 925 2840 Octavo.
976 2756 1283 2849 Praesentibus
1303 2757 1369 2839 his
1392 2756 1611 2839 Testibus:
1643 2757 1859 2839 Hermano
1881 2757 2041 2839 Procu-

371 2883 510 2959 ratore
533 2873 750 2978 Generali,
787 2874 1036 2960 Wilczkone
1072 2871 1421 2978 Sandomiriensi‚
1458 2874 1556 2957 Vito
1579 2875 1633 2955 de
1653 2872 1840 2955 Pelusiae
1862 2870 1917 2981 (³)
1955 2871 2041 2956 Oa·

373 2993 580 3094 atellanis,
610 2990 805 3075 Floriano
839 2990 1106 3075 Cancellario
1138 2990 1431 3099 Lanciciensi5
1448 2991 1625 3074 Nicolao
1648 2992 1701 3070 de
1723 2990 1876 3086 Bibicr,
1899 2997 1943 3069 et
1963 2988 2041 3072 da·
2093 3038 2099 3051 ·

372 3110 510 3192 roslao
533 3108 724 3191 Plebano
748 3108 800 3189 de
824 3108 1010 3271 Ciuitate
1030 3108 1237 3190 Boctmno
1253 3105 1308 3221 (⁴)
1332 3118 1377 3190 et
1397 3109 1487 3193 aliis
1509 3108 1651 3191 multis
1671 3106 1757 3189 fide
1780 3107 1934 3217 dignis.

466 3392 523 3474 (³)
545 3388 649 3474 Apud
669 3334 959 3455 Wolansciuml.
942 3412 971 3454 c
988 3388 1154 3488 legitur,
1157 3390 1248 3472 ,Viro
1267 3390 1307 3457 de
1325 3389 1501 3458 Polaaeezfl

479 3475 519 3556 (⁴)
542 3472 644 3559 Apud
660 3473 888 3539 Wolenecium
901 3475 1038 3540 verbum
1053 3469 1216 3540 incertum
1231 3484 1295 3559 eet,
1310 3476 1461 3556 Hermae,
1473 3476 1527 3540 vel
1542 3471 1666 3583 aliquid
1679 3437 1796 3547 simile.
1830 3472 1975 3539 Verbum
1991 3486 2043 3539 eet

374 3558 612 3641 abbreviatum,
628 3567 662 3622 et
675 3556 762 3623 hanc
778 3557 821 3623 ob
835 3578 969 3625 causam
982 3558 1159 3624 Woladski
1198 3524 1515 3653 onitinparentllesi
1532 3560 1742 3638 Corinthiam,
1768 3556 1872 3646 legit
1863 3557 1965 3657 igitur
1982 3558 2042 3625 sicr

375 3653 436 3729 „et
447 3642 602 3769 larosleo
618 3640 759 3732 plebano
776 3642 816 3709 de
833 3636 967 3715 civitate
982 3582 1278 3735 (Kaaimiriall’ete.
