5409 6309
1044 829 1323 904 -lle-

351 1034 491 1122 dimne
514 1032 575 1116 eis
597 1030 752 1134 omnis,
772 1027 830 1114 ad
850 1027 1007 1113 dietam
1042 964 1316 1112 aduocatiam
1349 941 1608 1138 pertinentia
1633 1031 1895 1144 magnates
1881 1061 1927 1120 nr
1948 1031 2024 1121 eli·

349 1178 441 1264 qua
460 1148 557 1263 (sie)
579 1150 634 1232 dc
656 1150 797 1260 gratie
828 1147 994 1255 spetiali
1016 1143 1128 1258 (sici
1178 1144 1418 1230 Habebunt
1450 1147 1627 1257 igitur
1615 1173 1708 1231 rure
1741 1149 2023 1238 haereditario

349 1269 661 1377 1ῐῐῑΡθῒΡθῒῑῑῑῑῑῐὶ
696 1265 800 1349 dicti
834 1263 1047 1354 arnoldus
1068 1274 1114 1346 et
1132 1261 1343 1346 fratres
1306 1290 1400 1346 eius
1420 1264 1473 1345 de
1493 1265 1720 1373 sexaginte
1754 1272 1920 1351 mansis
1948 1270 2026 1381 qui
2146 1266 2151 1279 ·

349 1383 511 1469 ibidem
531 1392 632 1466 sunt
648 1383 718 1465 vel
738 1391 873 1486 erunt,
894 1391 1062 1465 sextum
1081 1409 1278 1464 mansum
1297 1380 1477 1463 liberum
1507 1407 1535 1462 a
1554 1407 1700 1467 ceresu.
1731 1381 1841 1474 Item
1861 1383 2024 1469 Molen

350 1503 453 1585 dina
474 1529 526 1585 ac
544 1501 743 1609 stagna
731 1531 775 1582 m
796 1526 875 1585 euo
912 1499 1108 1581 districtu
1142 1507 1390 1582 construent
1425 1508 1638 1610 quotquot
1670 1499 1836 1604 volent,
1872 1509 1917 1584 et
1950 1501 2024 1585 illa

349 1628 561 1729 perpetuo
580 1615 716 1699 libere
733 1613 1017 1726 possidebunt
1030 1644 1111 1697 nec
1127 1615 1252 1697 alicui
1271 1614 1418 1697 licebit
1432 1626 1679 1700 cornuuere
1693 1561 1863 1725 praetdr
1879 1644 2026 1702 eorum

215 1729 232 1782 “·
348 1736 625 1820 voluntatem.
667 1735 780 1818 Item
798 1733 977 1817 macella
997 1735 1198 1835 carnium,
1219 1759 1389 1814 mensas
1410 1759 1571 1841 panum
1593 1742 1637 1814 et
1657 1733 1898 1819 ealceorum
1919 1762 2027 1817 con-

349 1859 515 1934 struent
535 1861 749 1964 quotquot
767 1853 941 1956 volent&
954 1859 998 1930 et
1015 1850 1089 1930 illa
1108 1859 1315 1959 perpetuo
1335 1849 1470 1932 libera
1489 1851 1790 1966 possidebunt,
1812 1853 1875 1934 sic
1895 1853 2028 1934 etiarn

277 2030 284 2044 .
348 1973 590 2052 sertorium·
604 1969 649 2049 in
678 1997 764 2077 quo
795 1975 1035 2050 mauman
1073 1994 1233 2073 pecora
1272 1968 1638 2077 quandocumque
1674 1970 1884 2052 volueriut
1922 1993 2028 2051 uon*

287 2133 290 2142 ‹
350 2095 516 2171 struent
536 2093 579 2165 et
597 2084 700 2165 illud
719 2083 853 2166 libere
879 2080 1171 2191 possidebunt.
1220 2083 1413 2165 Tertium
1450 2084 1667 2165 denarium
1689 2084 1743 2165 de
1763 2084 2025 2169 duditiormn

348 2202 573 2295 habebunt
592 2199 880 2308 mouentibus,
898 2199 1005 2282 duos
1027 2201 1179 2281 nostris
1199 2197 1350 2284 usibus
1371 2199 1671 2310 relinquentes·
1693 2195 1859 2284 Omnes
1878 2211 2028 2286 autem
2190 2287 2196 2302 ,

348 2345 502 2403 causas
540 2343 652 2429 quae
689 2316 848 2399 ibidem
885 2317 1150 2418 emerserint,
1170 2317 1261 2398 sine
1283 2316 1558 2400 diminutione
1579 2318 1882 2421 iudicabuntf
1869 2349 1913 2400 m
1931 2321 2024 2401 iure
2134 2377 2139 2384 -

350 2433 633 2571 Lemberpenei
648 2435 666 2546 (
673 2432 737 2543 ³)
725 2465 768 2515 m
790 2432 986 2558 omnibus
1008 2431 1288 2545 perfruentur.
1340 2433 1505 2516 Damus
1529 2435 1669 2537 etiam,
1690 2462 1766 2542 pro
1789 2434 2024 2518 eommuni-

278 2617 282 2623 .
348 2552 431 2635 bus
466 2553 638 2660 pascuis
674 2543 876 2658 pecorum
912 2549 1103 2660 quinque
1124 2573 1295 2633 mansos
1315 2561 1522 2689 perpetuo
1542 2552 1824 2659 possidendos
1848 2549 2022 2633 ciuitati.

349 2670 521 2752 Debent
561 2678 705 2749 autem
738 2695 830 2750 esse
851 2667 1106 2750 Franconici
1142 2693 1290 2766 omnes
1324 2671 1462 2749 mansi
1497 2671 1775 2776 praenotati
1801 2668 2021 2752 Ecclesiae

348 2786 478 2870 etiam
497 2784 657 2868 ibidem
676 2813 808 2866 unum
827 2811 1022 2866 mansum
1040 2784 1222 2867 liberum
1241 2795 1449 2892 perpetuo
1472 2788 1755 2896 assignamus.
1786 2785 2026 2869 Habebunt

270 2979 273 2988 .
349 2904 521 3012 insuper
541 2903 585 2982 in
606 2901 793 2986 Ciuitate
815 2911 980 2985 sermm
1003 2900 1177 2985 Curiam
1197 2901 1394 3005 liberam,
1418 2912 1461 2983 et
1481 2912 1580 2996 ante
1603 2903 1823 2984 ciuitatem
1841 2899 2022 2983 liberum

347 3029 517 3103 sextum
550 3018 732 3100 hortum.
778 3018 958 3127 iusuper
991 3027 1115 3125 prata
1152 3017 1368 3127 quaedam
1398 3044 1497 3099 cum
1512 3019 1743 3100 adiacente
1763 3017 1894 3124 sijlua,
1907 3017 2023 3097 cirea

344 3135 580 3243 'Verm‘jrum
601 3134 660 3214 eis
683 3134 876 3214 dedimus
898 3135 1072 3244 quando
1094 3135 1231 3215 mansi
1250 3158 1398 3214 versus
1418 3133 1633 3243 venu'y'rum
1651 3141 1825 3243 propter
1839 3133 2024 3215 inunda-
2072 3215 2082 3224 ,

347 3253 485 3333 tiones
509 3276 716 3361 aquarum
747 3247 903 3331 fuerint
939 3251 1158 3331 accurtati.
1210 3250 1390 3355 insuper
1426 3250 1620 3331 dedimus
1643 3253 1703 3332 eis
1722 3250 1938 3333 licentiam
1958 3245 2023 3333 fa·

348 3366 490 3449 ciendi
524 3363 736 3449 mellificis
754 3364 829 3447 ubi
849 3366 998 3450 volunt
1017 3366 1060 3446 in
1082 3366 1211 3475 sijlvis
1247 3368 1415 3467 nostris,
1452 3374 1506 3455 et,
1531 3365 1600 3449 illa
1635 3368 1845 3476 quamdiu·
1875 3364 2026 3474 syluae

348 3511 434 3569 non
468 3481 627 3566 fuerint
661 3483 830 3565 omnino
865 3492 1088 3564 resecatus
1121 3479 1251 3565 libere
1287 3481 1546 3590 possidendi.
1597 3483 1805 3565 Dedimus
1845 3484 2021 3593 insuper

349 3599 544 3688 omnibus
564 3597 922 3682 inhabitatoribus
944 3598 1140 3683 Ciuitatis
1160 3601 1376 3683 licentiam
1394 3599 1590 3708 piscandi
1608 3600 1651 3681 in
1673 3596 1773 3684 Zeto
1791 3597 2022 3686 infraenes

349 3718 564 3804 termium
613 3715 702 3801 sed
722 3716 837 3798 dicti
861 3716 1056 3798 dominus
1075 3715 1289 3801 Arnoldus
1310 3727 1355 3799 et
1373 3716 1525 3800 frenes
1546 3742 1614 3799 sui
1599 3716 1880 3826 ubicunque
1898 3717 2020 3799 volu·
2133 3727 2136 3740 '

349 3836 458 3922 erint
476 3836 520 3916 in
539 3834 694 3918 nostris
715 3831 958 3915 fluminibus
979 3832 1285 3943 piscabuntur
1310 3834 1409 3919 Hoc
1430 3835 1721 3919 custodientes
1743 3831 1862 3943 quod
1881 3830 2028 3915 nullus

277 3993 300 4056 g
347 3953 508 4037 alienus
529 3953 715 4087 piscator
736 3950 826 4032 sine
846 3961 994 4034 nostra
1011 3950 1186 4034 licentia
1204 3954 1428 4060 piscetur
1414 3983 1458 4035 m
1480 3951 1653 4037 eisdem
1703 3951 1929 4034 Postremo
1947 3948 2030 4034 de·
2086 3977 2095 3988 ·
2153 3986 2159 3998 ·

348 4071 512 4154 dimus
510 4071 569 4150 eis
591 4068 762 4179 quod
727 4094 766 4149 s1
786 4067 1016 4178 aliquando
1052 4070 1251 4151 emendat
1234 4081 1279 4154 te
1313 4069 1440 4153 fiaerit
1469 4071 1641 4172 civitae,
1665 4076 1708 4150 et
1726 4094 1924 4152 cameras
1944 4090 2032 4177 prov

225 4269 230 4274 .
346 4187 500 4297 pennis
519 4185 754 4268 vendendis
771 4194 1079 4288 construentur,
1095 4196 1261 4269 sextam
1282 4217 1499 4271 cameram
1518 4190 1744 4272 obtineant
1759 4183 1990 4269 liberam
1955 4208 2030 4264 sic

350 4312 394 4390 et
412 4301 570 4384 balnea
603 4300 779 4390 faciant.
799 4300 934 4386 libera
968 4312 1183 4414 quotquot
1215 4306 1377 4409 volent,
1398 4306 1513 4389 nulla
1530 4309 1711 4406 taberne
1728 4300 1847 4385 iufra.
1859 4301 2020 4383 miliare

203 4473 211 4483 ·
348 4450 378 4505 a
397 4419 585 4508 Ciuitate
619 4420 876 4504 viriniabitm
896 4418 995 4532 (sic)
1019 4429 1063 4502 et
1081 4421 1196 4504 nulla
1226 4450 1361 4505 cause
1390 4423 1701 4507 mutilationem
1733 4418 2020 4503 membrorum

350 4538 421 4622 vel
459 4538 770 4678 truncationem
811 4539 961 4696 capitis
1004 4539 1224 4712 continens
1269 4540 1526 4625 iudicabitur
1566 4547 1734 4649 praeter
1776 4535 2017 4622 ciuitatem·
2117 4605 2130 4664 ,Ι

454 4837 499 4918 (³)
521 4835 602 4903 dure
631 4835 855 4922 Lmberpemi.
890 4835 1073 4922 Laconem
1102 4835 1261 4921 oppidum
1290 4793 2018 4936 thentoniwmiuSsseeiantiboenostm
2166 4933 2170 4942 .

349 4920 555 4990 masnade.
578 4921 650 5012 Leo
665 4927 806 5036 summa
818 4929 890 4988 erat
903 4920 1109 5009 hembrpi,
1124 4920 1526 5048 undeetnnnenipeum.
1812 5019 1873 5087 15*
1912 5009 1918 5028 x
