5409 6309
1029 879 1083 897 ..
1117 793 1212 917 saa.
1257 878 1309 898 ..

273 1068 287 1086 ··
346 1054 526 1130 utrorum
547 1041 872 1130 Gemiliaromm
891 1053 994 1129 tnnc
1014 1044 1136 1128 lateri
1156 1053 1299 1129 nostro
1321 1044 1615 1132 assedencium
1632 1045 1789 1153 hicque
1809 1069 1986 1153 congre·
2099 1130 2102 1136 ,

345 1173 552 1276 gatorum.
584 1166 758 1247 veniens
788 1165 1049 1274 presenciam
1085 1162 1350 1248 Venerabilis
1372 1175 1416 1247 et
1434 1164 1673 1276 Religioeus
1695 1163 1877 1248 Mathias
1896 1160 1987 1246 Ab·

343 1282 422 1366 bas
443 1281 683 1394 Monasterij
704 1281 1037 1393 Thynyecensis,
1057 1283 1236 1367 litteram
1260 1284 1623 1395 seupriuilegium
1654 1310 1780 1393 super
1800 1309 1988 1368 commu·

342 1405 509 1488 tecione
532 1400 741 1485 Bonorum
762 1402 1119 1486 hereditariorum.
1156 1405 1207 1486 de
1230 1401 1454 1514 Consensu
1474 1415 1518 1486 et
1537 1402 1764 1504 voluntate,
1804 1400 1986 1486 Preclari

344 1522 440 1607 olim
460 1515 665 1630 Principis
687 1523 842 1606 domini
866 1521 1048 1607 Conradi
1069 1523 1202 1607 Ducis
1225 1522 1531 1626 Oraeouieusis,
1567 1523 1876 1630 predecessoris
1911 1547 1988 1606 no·
2131 1583 2133 1588 -

331 1644 429 1726 ¹stri.
459 1639 725 1742 ratificatum,
749 1640 1029 1753 approbatum
1051 1654 1095 1726 et
1115 1644 1421 1726 confirmatum.
1445 1653 1577 1752 atque
1600 1640 1876 1725 donacionem
1899 1667 1989 1723 cer·

342 1760 784 1865 terumDecimarum,
818 1789 900 1871 pro.
931 1761 1118 1846 Cenobio
1154 1789 1232 1846 seu
1265 1761 1519 1848 Monasterio
1555 1761 1597 1842 in
1623 1757 1884 1869 'Stunyntltlcp
1915 1783 1991 1867 per

343 1878 549 1989 prefatum
573 1880 808 1990 Principem
831 1880 1074 1966 Conradum
1095 1885 1438 1992 predecessorem
1474 1889 1675 1967 nostrum.
1711 1881 1806 1962 ritte
1829 1876 1929 1991 (sic)
1949 1881 1992 1959 et

341 2000 561 2109 legittime.
595 2029 645 2083 ac
681 2012 895 2111 perpetue.
927 1999 1097 2084 factam.
1134 2002 1461 2112 appropriatam.
1495 2010 1538 2085 et
1574 1999 1709 2082 eidem
1737 1997 1992 2083 Monasterio

341 2120 650 2229 incorporatam
674 2130 716 2203 et
735 2121 996 2229 asscriptum.
1027 2120 1069 2200 in
1105 2147 1150 2203 se
1188 2121 1471 2205 continentem
1492 2118 1646 2205 obtulit
1667 2129 1710 2201 et
1728 2117 1994 2229 presentauit
2033 2109 2040 2129 “

344 2236 695 2349 Supplicauitque
726 2239 940 2323 Maiestati
975 2247 1127 2342 nostre,
1166 2236 1389 2339 Quatenus
1428 2268 1480 2323 ex
1509 2239 1654 2324 fauore
1675 2238 1989 2321 munificencia·

344 2383 428 2468 que
448 2367 592 2441 nostra
612 2357 779 2468 Regali.
811 2357 1049 2443 huiusmodi
1069 2356 1251 2442 litteram
1283 2385 1361 2440 eeu
1388 2358 1667 2471 priuilegium.
1702 2358 1906 2442 innounre
1924 2386 1993 2440 ra·

342 2474 503 2559 tificare
528 2488 571 2561 et
590 2477 837 2561 confirmare
859 2478 1140 2590 dignaremur.
1179 2477 1311 2563 Cuius
1335 2480 1507 2586 quidem
1526 2478 1662 2564 littere
1683 2486 1803 2564 tenor
1824 2475 1877 2560 de
1898 2504 1992 2560 uer·

341 2593 398 2679 bo
416 2597 472 2679 ad
491 2593 668 2680 uerbum
689 2601 879 2711 sequitur
900 2609 945 2682 et
964 2608 1030 2682 est
1048 2600 1157 2682 talis.
1302 2595 1306 2602 ’

695 3056 946 3162 (Graeceiue,
977 3060 1059 3143 sine
1090 3058 1151 3142 die
1173 3071 1356 3142 otmense
1382 3062 1491 3146 1242
1515 3069 1646 3167 anno).

383 3291 832 3380 (consenescentes
847 3296 880 3367 u
893 3294 1051 3368 merus
1065 3292 1412 3387 lucescentes
1425 3292 1612 3370 nemun
1626 3257 1834 3390 sunium
1846 3289 1964 3381 nnat

446 3502 496 3590 In
517 3506 683 3588 nomine
725 3512 873 3588 sancte
905 3419 1383 3590 Trinitatisaoindilridue
1424 3419 1562 3589 Anien
1602 3499 1669 3617 (¹).
1715 3501 1803 3587 Nos
1836 3500 1996 3586 Conra-

345 3622 422 3706 dus
446 3623 659 3737 deigraeia
679 3623 779 3707 Dux
800 3622 1007 3709 Craeouie
1030 3635 1072 3707 et
1085 3626 1299 3729 Lancicie,
1322 3622 1513 3733 Ouyauie
1535 3635 1577 3707 et
1598 3623 1805 3707 Mazouie.
1838 3621 1994 3706 Notum

342 3739 522 3828 facimus
550 3744 754 3827 vniuereis
786 3743 1050 3853 presentibus
1088 3757 1130 3827 et
1165 3741 1315 3827 futuris
1347 3742 1459 3825 hanc
1494 3745 1697 3855 paginam
1733 3741 1995 3851 inspecturis.

344 3858 469 3962 Quod
491 3861 681 3963 dominus
717 3861 909 3948 Andreas
946 3863 1173 3952 Plocensis.
1214 3864 1464 3974 Episcopus.
1498 3875 1540 3945 et
1559 3860 1708 3945 fratres
1730 3861 1807 3944 sui.
1841 3858 1996 3945 Oomes

345 3978 475 4063 Jonlco
512 3980 778 4066 castellanus
803 3980 855 4065 de
876 3981 1008 4086 Rada,
1030 3991 1073 4064 et
1101 3979 1374 4105 Wirdyuntta
1386 3982 1629 4089 Propositus
1645 3975 1700 4062 'de
1720 3976 1996 4091 Stenyutltelp.

344 4100 388 4186 in
408 4104 627 4208 presencia
663 4103 791 4185 nostri
828 4129 879 4185 ac
900 4099 1115 4187 Beronum
1156 4113 1405 4203 nostrorum,
1448 4101 1844 4187 Commuttauerant
1877 4096 1997 4181 villas

345 4245 452 4333 quas
475 4218 627 4305 Oomes
649 4219 843 4308 Clemens
866 4220 1134 4310 Castellanus
1156 4221 1450 4309 Orneouiensis
1489 4221 1631 4308 domni
1658 4220 1711 4302 de
1735 4213 1997 4328 Stenyotlekp
2059 4237 2062 4246 ’

347 4339 536 4443 contulit,
554 4340 725 4447 quando
746 4340 882 4447 ipsam
901 4338 1111 4426 fundauit.
1135 4368 1312 4454 quarum
1343 4343 1514 4425 nomina
1544 4341 1625 4423 hec
1662 4344 1770 4440 sunt,
1807 4334 1995 4445 Luperco,
2070 4403 2073 4412 .

347 4455 503 4571 Zupore
523 4456 679 4543 Bobici.
701 4457 955 4542 Roscoodow.
978 4459 1227 4571 Lussouyoy.
1259 4454 1523 4568 Diaposchin.
1550 4454 1783 4565 Cosconycy.
1801 4451 1994 4536 Jouorno.

185 4623 191 4632 -
310 4691 311 4694 p
346 4576 541 4680 mediam,
562 4577 669 4663 Cum
692 4575 884 4661 omnibus
901 4579 1167 4684 vulturibus,
1204 4607 1301 4662 cum
1333 4574 1582 4661 Molendinie
1619 4584 1661 4658 et
1695 4602 1791 4657 cum
1811 4569 1997 4686 plumbo.

450 4809 489 4893 ξ’)
512 4813 721 4878 ....Τνι’πι’ωιίε
735 4836 771 4879 uc
784 4795 941 4878 individue
953 4811 1303 4880 omeanodemordine
1318 4810 1352 4876 in
1366 4811 1477 4877 tabula
1490 4812 1593 4878 verba
1608 4805 1993 4895 sequuntuneedscriba,

345 4917 457 4962 errore
472 4895 707 4979 animadverso,
724 4906 915 4964 consuetum
929 4898 1102 4965 restituere
1119 4897 1221 4964 veluit
1235 4895 1381 4963 ordinem
1396 4907 1429 4962 et
1443 4895 1528 4962 hene
1548 4897 1749 4971 cheensem,
1764 4891 1874 4960 verbis
1885 4913 1997 4959 nume·

345 5002 401 5049 ros
416 4981 549 5052 addidit.
567 4981 797 5068 conjunctioni
806 5003 883 5049 vero
892 4983 1048 5051 acdeerat
1058 4982 1150 5051 iocus
1165 4993 1198 5050 et
1208 4991 1384 5071 propterea
1397 5003 1495 5069 snper
1509 5003 1641 5049 versum
1656 4978 1765 5050 scriba
1776 4977 1865 5045 illem
1871 4976 1994 5066 posuit.

499 5101 581 5143 ‘romu
593 5101 641 5144 111.
1750 5100 1791 5166 55
