5409 6309
1407 1254 1625 1370 ctxvrt

797 1552 799 1559 ,
855 1546 863 1557 ·
904 1536 906 1549 ·
974 1506 1426 1597 elmodac—20
1446 1510 1702 1619 (rotome
1718 1507 1868 1597 1884
1892 1528 2059 1595 mo.

688 1727 1210 1824 Mummiam·
1223 1732 1535 1825 musam
1552 1734 1591 1806 u
1608 1736 1751 1813 rama,
1772 1688 1945 1807 susam
1962 1729 2195 1809 sunnam
2222 1733 2344 1825 spa·

755 1850 758 1857 ”
1219 1834 1812 1925 ιιιοῑιᾱοπίωᾱιῑιιω,οοιῆῐωιῑ(ῑ).

791 2036 880 2145 Nos
901 2038 1122 2155 Hedwigis
1143 2042 1226 2128 Dei
1247 2047 1387 2157 gratia
1417 2045 1586 2159 Regina
1615 2041 1785 2128 Polonie
1806 2070 1991 2126 necnon
2013 2052 2214 2125 terrarum
2232 2042 2338 2128 (lra-

691 2163 821 2266 eoric,
844 2160 1107 2248 Sandomirie
1127 2174 1207 2245 etc.
1245 2163 1522 2249 Notificamus
1545 2176 1689 2247 tenore
1709 2161 1975 2273 presencium
1998 2160 2152 2270 quibus
2176 2161 2345 2273 expedit

688 2276 892 2371 universis
910 2290 995 2385 etc.
1047 2279 1116 2366 Ad
1137 2284 1368 2369 maiestatis
1400 2296 1540 2369 nostre
1571 2283 1744 2367 veniens
1770 2282 2032 2390 presenciam
2054 2280 2260 2367 Strenuus
2281 2282 2345 2365 vir

687 2394 894 2489 Dominus
916 2398 1136 2485 Joharrnes
1160 2404 1211 2486 de
1234 2404 1427 2487 lbornoto
1450 2402 1504 2514 (²)
1528 2400 1795 2488 Castellanus
1818 2398 2189 2504 Sandomiriensis,
2228 2400 2343 2483 litte-

687 2550 778 2609 ram
801 2517 1062 2607 Serenissimi
1091 2520 1296 2633 Principis
1326 2522 1497 2609 Domini
1525 2520 1732 2606 Lodovici
1764 2520 1911 2602 eadem
1933 2521 2071 2631 gratia
2092 2519 2190 2605 olim
2210 2519 2343 2632 Regis
2387 2620 2392 2627 ,

689 2636 1335 2750 Ungartc,P010nie,Dalmacie
1359 2650 1438 2724 eto.
1460 2639 1592 2724 felicis
1613 2640 1810 2722 memorie
1833 2637 2042 2725 Genitoris
2064 2641 2194 2724 nostri
2214 2641 2345 2725 caris·

689 2761 803 2862 simi,
829 2786 977 2840 sanam
1001 2759 1105 2840 etin
1126 2761 1337 2873 integram
1359 2788 1409 2842 ae
1431 2763 1543 2844 omni
1573 2786 1742 2868 prorsus
1773 2758 2023 2868 suspicionis
2055 2760 2162 2843 vicio
2194 2787 2343 2842 caren-

688 2887 793 2981 tem,
817 2877 904 2960 eius
924 2906 1025 2963 vero
1047 2878 1182 2989 sigillo
1205 2878 1450 2991 sigillatam,
1487 2906 1627 2963 coram
1656 2875 1779 2975 nobis
1802 2875 1955 2962 obtulit
1972 2876 2212 2988 supplicans
2234 2906 2341 2989 qua·
2424 2990 2429 2999 ἡ

596 3046 607 3073 ,
688 3007 812 3081 tenus
845 2998 1022 3080 eandem
1052 2996 1216 3083 literam
1236 2998 1288 3083 de
1310 2999 1568 3082 celsitudinis
1589 3007 1731 3083 nostre
1752 2998 1898 3081 innata
1919 2997 2158 3101 clementia,
2187 2997 2341 3081 nostris

686 3108 837 3205 litteris
860 3116 940 3200 sibi
960 3117 1168 3201 ratificare
1192 3129 1235 3201 et
1255 3109 1502 3204 confirmare
1525 3118 1808 3233 dignaremur.
1861 3113 1993 3200 Cuius
2016 3116 2187 3226 quidem
2206 3117 2343 3199 littere

688 3248 807 3323 tenor
829 3232 880 3325 de
900 3237 1030 3325 verbo
1053 3237 1107 3317 ad
1129 3238 1305 3322 verbum
1326 3240 1519 3344 sequitur
1540 3236 1619 3318 sub
1642 3235 1723 3318 hac
1744 3235 1890 3319 forma.

689 3358 695 3453 j
788 3354 920 3439 1376.
953 3356 1041 3441 Nos
1061 3355 1305 3441 Lodovieus
1329 3356 1397 3439 dei
1419 3357 1558 3467 gratia
1579 3354 1670 3464 Rex
1690 3356 1892 3466 Ungarie,
1913 3352 2104 3458 Polonie‚
2125 3353 2344 3440 Dalmacie

691 3482 772 3559 etc.
793 3475 992 3579 memorie
1022 3477 1311 3557 universorum
1343 3474 1603 3559 declaramus
1627 3475 1742 3583 quod
1763 3501 2032 3587 quocumque
2055 3483 2097 3554 et
2118 3477 2343 3585 quociens·

686 3623 871 3711 cumque
887 3602 1079 3681 nostrum
1094 3591 1263 3676 fidelem
1280 3590 1507 3678 Dominum
1524 3593 1765 3677 dohannem
1782 3592 1834 3675 de
1851 3594 2045 3679 Tbernow
2064 3593 2342 3704 Capitaneum

688 3711 1111 3825 terreRadomiensis
1143 3740 1239 3794 cum
1270 3711 1491 3833 quibusvis
1523 3714 1668 3813 emulis
1692 3712 1928 3797 etinimicis
1949 3714 2082 3797 nostri
2104 3714 2205 3796 dicti
2223 3715 2343 3825 regni

796 3975 834 4054 (¹)
857 3972 1014 4039 Tabulam
1030 3972 1116 4041 hano
1131 3972 1254 4041 archivi
1270 3974 1389 4039 dueum
1405 3973 1471 4041 San
1518 3974 1671 4040 szkorum
1699 3973 1919 4041 Zaslauiensis
1935 3973 1969 4038 in
1983 3973 2163 4061 Wolhynia
2175 3977 2344 4063 propriam

689 4058 940 4123 communicavit
965 4057 1135 4125 nobiscum
1160 4057 1398 4127 illustrissimus
1413 4069 1445 4124 et
1461 3996 1666 4126 dbbtissimus
1692 4058 1880 4126 Alexander
1905 4059 2143 4138 Przeddriecki
2167 4061 2223 4145 qui
2238 4070 2272 4127 et
2286 4062 2344 4129 de·

688 4143 826 4242 scripsit
839 4140 925 4207 illam
954 4166 994 4208 ex
1022 4143 1156 4231 archety
1183 4167 1203 4208 o
1228 4144 1486 4210 membranaceo.
1524 4144 1649 4235 Tabula
1669 4155 1786 4211 nostra
1799 4144 1945 4210 scounda
1958 4153 2010 4212 est
2023 4144 2185 4234 Hedvigis
2210 4146 2344 4230 reginas

688 4239 815 4328 patrsae
845 4250 953 4297 rerum
982 4168 1221 4297 scrutatoribus
1250 4241 1338 4310 nota,
1369 4232 1454 4297 conf.
1472 4228 1583 4295 Caroli
1599 4230 1782 4316 Szajnocha
1807 4252 1889 4317 opus
1909 4231 1975 4315 jam
1990 4230 2139 4297 citatumt
2166 4228 2300 4310 ‚dadai

666 4308 1181 4405 *1Jagiello,”T.11‚pag.189.
1218 4313 1385 4381 Taeniolis
1415 4315 1621 4402 pergamenis
1650 4338 1830 4414 appensum
1852 4324 1903 4381 est
1925 4314 2077 4401 sigillum,
2092 4315 2125 4381 in
2141 4337 2206 4399 quo
2236 4339 2278 4403 aq
2326 4339 2345 4381 a

686 4418 789 4486 parva
802 4396 1003 4464 Polonorum
1017 4401 1230 4510 conspicitur.
1253 4400 1438 4466 Verborum
1453 4401 1487 4465 in
1502 4399 1625 4464 ambitu
1640 4400 1738 4487 sigrlli
1754 4401 1997 4485 inscriptorum,
2016 4410 2143 4467 tantum
2158 4401 2344 4486 fragmenta

687 4488 834 4572 „sapt-..¹
845 4489 918 4572 pius
933 4484 1100 4553 Palania...
1115 4488 1122 4511 '
1139 4486 1243 4551 adhuc
1258 4484 1325 4584 legi
1339 4494 1489 4572 possunt
1527 4486 1564 4549 ln
1579 4484 1679 4552 dorso
1705 4485 1835 4551 tabulas
1860 4487 1961 4555 inseri
1986 4487 2033 4552 tie
2048 4495 2144 4553 vetus
2166 4487 2345 4557 semeonis

686 4567 800 4656 lingua
821 4590 970 4653 sequens:
1008 4570 1186 4650 „Krdlowa
1206 4570 1359 4657 ‹ladwrga
1378 4570 1580 4656 potwierdza
1593 4569 1651 4637 list
1664 4570 1767 4637 Krdla
1788 4570 1949 4639 Ludwika
1962 4510 2056 4637 l’snu
2071 4595 2087 4636 z
2100 4571 2288 4641 Thsmowa
2301 4595 2344 4639 ns

689 4652 821 4740 olrupno
837 4678 858 4738 y
875 4654 1021 4739 nagrode
1038 4655 1176 4742 gdzieby
1192 4679 1246 4721 mu
1262 4656 1310 4737 sie
1326 4653 1510 4722 czosthalo
1526 4680 1555 4722 w
1568 4656 1733 4743 potrzebie
1751 4655 2077 4755 nieprzyiacielslriei,
2094 4656 2185 4724 1384.

793 4738 833 4818 (²)
857 4739 887 4805 A
913 4784 922 4801 .
938 4738 1166 4817 Niesieccium‚
1181 4739 1328 4808 «loannes
1342 4741 1396 4806 hic
1412 4741 1609 4808 castellanus
1626 4741 1898 4813 Sandonirscnsis
1910 4752 2059 4809 marmus
2074 4751 2166 4808 esta.
2180 4744 2274 4819 1382,
2286 4741 2345 4808 sed
2364 4810 2368 4819 ,

689 4821 847 4905 videmus,
863 4763 1034 4889 admalam
1054 4824 1310 4919 informationem
1327 4825 1484 4911 scriptam
1508 4825 1593 4891 hanc
1621 4849 1692 4893 esse
1718 4827 1873 4892 noticiam
1903 4822 2126 4893 aNicsiecoio.
2163 4825 2343 4894 Successor

687 4907 825 4976 Joannis
840 4906 874 4970 in
890 4906 1000 4972 officio
1017 4908 1187 4976 castellam
1200 4910 1474 4979 Sandomiriensis
1485 4911 1548 4977 fuit
1560 4908 1722 4989 Creslws,
1734 4910 1905 4978 Krzcslsw
1914 4911 2134 4994 Kurozwecki
2145 4912 2183 4977 de
2192 4911 2342 4981 Choddsr

688 4990 783 5059 antee
797 4990 993 5061 castellanus
1024 4992 1251 5063 Sandccensis:
1273 5017 1382 5061 mense
1397 4994 1487 5062 «lulio
1505 4996 1587 5062 1386
1603 5017 1699 5079 anno,
1723 4993 1876 5067 Creslaus
1899 4996 2006 5064 adhue
2021 5006 2129 5065 terrae
2143 4995 2344 5077 Sandecensi
