5409 6309
1249 704 1716 833 &ros-s

649 1044 653 1055 ,
697 978 702 985 ’
748 959 1138 1048 nullo-Oectelleno'
1154 954 1225 1043 rel
1245 956 1442 1042 Palatino
1465 957 1610 1067 aliquo
1629 956 1675 1039 in
1694 953 1783 1039 siris
1805 954 1947 1040 causis
1968 959 2112 1045 arduis
2143 962 2320 1074 respon·

646 1132 671 1149 ‚.
729 1078 1023 1163 'debuntnisi
1051 1077 1174 1158 litera
1208 1084 1358 1161 nostra
1392 1076 1593 1158 'citentrin
1656 1074 1714 1160 Et
1743 1101 1822 1158 suo
1843 1074 1950 1159 »Jure
1973 1076 2245 1167 Theutonico
2267 1113 2319 1168 ac

749 1194 1087 1306 Meydburgeusi
1109 1204 1153 1277 et
1172 1222 1259 1279 non
1281 1194 1364 1278 alio
1385 1200 1529 1278 coram
1550 1191 1673 1279 nobis
1693 1192 2035 1307 respondebunt,
2053 1189 2318 1286 Volumus...

684 1366 689 1377 .
824 1312 1117 1423 perelapsam
1137 1313 1382 1397 libertatem
1402 1322 1596 1395 nostrum
1615 1312 1819 1394 nuncium
1840 1312 1975 1397 tribus
1991 1315 2320 1429 judiciis-gene-

528 1426 535 1433 ’
702 1504 706 1513 .
748 1431 910 1515 talibus
930 1433 975 1514 in
994 1444 1107 1515 anno
1138 1433 1305 1513 mittere
1337 1456 1466 1536 quem
1495 1427 1747 1512 muneribus
1766 1431 2001 1540 respiciant
2019 1432 2147 1516 velud
2165 1435 2211 1516 in
2230 1436 2321 1520 aliis

734 1549 862 1631 'villis
883 1548 1342 1632 cncumadiacentibus
1366 1560 1432 1630 est
1528 1556 1572 1628 et
1592 1557 1873 1631 consuetum*
1891 1545 2035 1647 Quum
2057 1558 2202 1635 autem
2222 1563 2322 1662 post
2396 1582 2404 1589 ·

741 1676 909 1753 ‚cuncta
928 1676 1152 1776 praetcrea
1171 1658 1345 1753 libertas
1444 1694 1467 1747 e
1491 1674 1655 1748 ....tem
1676 1669 1823 1749 omnes
1854 1666 2002 1751 Incole
2033 1668 2138 1751 ville
2167 1697 2321 1780 preno-

659 1844 661 1849 -
753 1786 913 1869 minate
945 1785 1128 1896 singulis
1160 1787 1281 1870 annis
1305 1784 1358 1866 de
1381 1783 1570 1893 quolioet
1589 1809 1740 1867 manso
1760 1783 1884 1868 nobis
1907 1793 2112 1887 ctuostre
2140 1788 2321 1899 posteri·

752 1903 833 1987 tuti
853 1911 948 1987 octo
970 1903 1126 1991 Scotos
1148 1902 1327 2005 soluere.
1380 1901 1447 1984 De
1469 1899 1627 2013 quibus
1660 1903 1906 2010 sepedictus
1945 1902 2151 1987 Nicolaus
2171 1903 2321 1992 Advo-

756 2030 877 2105 catus
900 2030 1069 2104 sextum
1091 2022 1310 2103 denarium
1329 2020 1510 2128 recipiat
1532 2028 1576 2102 et
1595 2020 1662 2101 sui
1679 2020 1862 2132 legitimi
1892 2040 2163 2113 successores
2185 2022 2325 2132 atque

832 2141 953 2227 annis
977 2139 1143 2221 cunctis
1166 2139 1219 2221 de
1240 2136 1422 2247 singulis
1453 2137 1589 2220 laneis
1620 2135 1829 2223 fertonem
1848 2166 1926 2247 pro
1948 2140 2123 2222 decimis
2153 2144 2324 2227 monete

595 2356 599 2366 Ι
653 2318 657 2323 -
752 2256 915 2341 venalis
936 2258 1223 2368 assignabunt
1243 2254 1438 2340 volumus
1460 2254 1596 2336 eciam
1615 2255 1924 2339 ‚vtantedictus
1953 2255 2154 2341 Nicolaus
2175 2257 2323 2347 Advo-

668 2430 671 2437 -
754 2385 878 2466 catus
900 2385 1074 2487 propter
1095 2375 1375 2459 donacionem
1395 2373 1507 2455 hanc
1530 2380 1629 2481 post
1648 2372 1843 2485 elapsam
1862 2373 2101 2459 libertatem
2119 2377 2175 2460 ad
2192 2405 2322 2486 expe·

757 2492 968 2595 dicionem
1004 2493 1128 2577 nobis
1151 2501 1194 2588 et
1214 2490 1370 2575 nostris
1405 2492 1591 2603 posteris
1614 2498 1655 2573 et
1676 2491 1787 2573 aliis*
1806 2494 1995 2575 seruiciis
2016 2495 2176 2577 seruiat
2195 2509 2323 2606 prout

755 2637 856 2695 vero
881 2619 946 2693 est
965 2637 1059 2695 mos
1089 2611 1366 2695 scriltetorum
1397 2609 1805 2692 circumsedencium
1826 2609 1884 2723 (l)
1922 2620 1966 2693 et
1986 2638 2066 2712 sua
2095 2616 2323 2722 posteritas

760 2729 816 2814 ab
836 2730 929 2838 ipso
948 2729 1135 2840 legitime
1156 2734 1382 2840 procreata
1394 2728 1453 2811 Ut
1474 2726 1719 2810 autemhec
1740 2738 1890 2812 nostra·
1908 2730 2087 2816 donacio
2109 2733 2163 2813 de
2183 2743 2324 2816 matu·

740 2858 803 2933 'ro
825 2846 1002 2932 consilio
1026 2857 1069 2929 et
1087 2847 1203 2934 bona
1224 2845 1536 2930 deliberacione
1556 2844 1708 2931 habita
1729 2845 2066 2956 donacionisque
2091 2847 2245 2958 Prefati
2265 2849 2322 2965 (¹)

641 3024 647 3033 -
753 2991 933 3075 presens
968 2965 1099 3050 robur
1134 2966 1327 3050 obtineat
1362 2962 1666 3046 valiturum...
1690 2973 1732 3045 et
1752 2969 1884 3049 nostri
1919 2966 2051 3079 sigilli
2088 2967 2321 3053 munimine
2471 3000 2478 3015 ⁸

623 3114 650 3153 κ
752 3082 930 3166 fecimus
967 3085 1231 3169 communiri.
1289 3083 1349 3167 Et
1380 3082 1436 3164 ad
1467 3082 1713 3165 euidencius
1752 3085 2043 3169 testimouium
2065 3148 2116 3169 ,m
2139 3093 2184 3166 et
2203 3085 2321 3171 Oan-
2446 3186 2451 3197 A

755 3202 924 3286 cellario
946 3201 1190 3286 subnotatis
1210 3201 1290 3283 hiis
1313 3201 1499 3311 testibus
1518 3200 1703 3285 Domino
1726 3198 1917 3313 Sbigneo
1950 3203 2195 3289 Castellsno
2218 3204 2324 3290 Ora-

755 3321 944 3403 ccuiensi
965 3319 1019 3434 (ὃ)
1041 3330 1175 3430 atque
1196 3318 1387 3430 Sbigneo
1411 3317 1680 3406 Cancellario
1704 3316 1981 3406 Oracouiensi
2002 3350 2083 3405 nec
2103 3349 2190 3407 non
2212 3321 2325 3409 sub-

640 3458 665 3539 ?
754 3439 961 3546 pincerna
981 3438 1123 3549 Regni
1215 3437 1538 3522 subcamerario
1560 3446 1605 3519 et
1626 3431 1813 3524 Stiborio
1845 3438 2059 3526 Ozoszata
2080 3443 2320 3553 cetmmque

641 3618 649 3631 .
756 3554 1076 3665 quamplurimis
1111 3554 1353 3668 fidedign'is.
1400 3555 1562 3641 Notum
1593 3545 1730 3640 Ourie‘
1752 3566 1909 3642 nostre.
1969 3559 2134 3643 Datum
2152 3560 2195 3642 in
2217 3552 2323 3642 Son·

642 3736 646 3745 .
687 3718 691 3723 ,
756 3673 848 3756 decr
887 3702 963 3784 per
1002 3701 1153 3757 manus
1193 3677 1328 3759 nostri
1367 3675 1599 3785 scriptoris
1634 3672 1846 3758 Johsnnis
1888 3677 1969 3762 sub
2011 3689 2123 3764 anno
2167 3677 2326 3764 domini

647 3826 653 3845 c
748 3790 1135 3927 'MOGGXXXVll
1152 3794 1197 3876 in
1219 3794 1287 3875 die
1307 3792 1442 3914 Blasii
1536 3819 1671 3877 nonas
1691 3791 1924 3879 Februarii.

640 4078 654 4099 'a

758 4109 803 4189 (²)
826 4106 892 4192 Qui
906 4109 1051 4176 tabulam
1066 4078 1258 4198 descripsit,
1274 4110 1342 4177 non
1358 4110 1442 4179 hene
1457 4111 1561 4179 verbs
1578 4094 1798 4215 tenoremque
1810 4084 1979 4205 purilegii
1995 4086 2059 4182 lice
2074 4098 2149 4180 loco
2166 4109 2329 4213 intellexit

642 4188 782 4263 Tethsnc
799 4194 843 4259 ob
859 4216 991 4260 causam
1007 4196 1138 4282 signum
1152 4198 1426 4286 interrogationis
1441 4199 1476 4264 in
1489 4197 1585 4265 uncis
1599 4202 1725 4285 posuit.
1744 4224 1749 4232 ’
1779 4214 1781 4219 ’
1853 4220 1855 4223 ·
2351 4265 2356 4275 ,

673 4308 676 4321 ·
760 4280 804 4361 (⁸)
817 4279 917 4349 *Mala
929 4274 1101 4348 audenter
1114 4280 1216 4348 lectio
1228 4283 1441 4371 Sdiyneopro
1458 4284 1483 4348 S
1508 4286 1640 4362 {rimisa
1656 4284 1718 4369 qui
1729 4276 2014 4370 eodem'tempore
2029 4280 2229 4365 etstcllsnus
2245 4280 2329 4349 Cra·

656 4362 826 4431 curiensis
840 4365 913 4441 luit.
936 4364 1038 4433 Conf«
1050 4388 1151 4452 supra
1166 4367 1310 4434 tabulam
1325 4370 1420 4436 N⁰.L
1491 4368 1585 4438 XVI.
1606 4368 1701 4437 Finis
1721 4371 1889 4471 privilegii
1903 4391 1979 4439 cum
1992 4368 2135 4436 testibus
2149 4366 2251 4455 louge
2267 4364 2330 4431 alis

655 4456 707 4514 est
721 4449 755 4516 iu
770 4459 887 4517 nostro
908 4450 1054 4541 quem-iu
1069 4452 1264 4539 apographo
1281 4452 1508 4540 Leplrowscii.
