5409 6309
1374 811 1623 883 ..93-

670 1023 726 1108 ad
746 1046 824 1104 nos
845 1017 987 1125 Regni
1023 1008 1358 1122 gubernaculum
1401 1009 1659 1114 devenisset,
1687 1006 1785 1116 J'ure
1806 989 2070 1092 successorio
2091 1029 2169 1093 seu
2189 955 2336 1095 ordine

529 1226 534 1234 ,
671 1140 885 1251 geniture,
919 1131 1082 1238 placuit
1116 1128 1239 1212 nobis
1273 1130 1393 1208 inter
1418 1136 1580 1230 cetera,
1614 1067 1853 1210 libertatem
1889 1115 2077 1210 fidelium
2097 1137 2334 1212 nostrorum
2404 1159 2416 1190 .-

650 1256 881 1362 .hospitum
922 1247 1138 1332 Saxonum
1183 1246 1236 1326 de
1277 1243 1450 1354 Scepusz
1490 1246 1724 1355 graciosius
1765 1239 2015 1345 reformare,
2059 1246 2334 1330 concedendo

670 1371 832 1454 eisdem
866 1367 982 1448 hunc
1019 1371 1292 1445 statutumet
1312 1362 1502 1472 graciam
1536 1361 1791 1448 libertatum
1845 1358 1971 1460 Quod
2007 1361 2129 1444 nobis
2163 1364 2334 1452 racione

667 1487 830 1572 terrarii
851 1480 949 1595 (sic)
966 1482 1143 1592 singulis
1165 1481 1285 1560 annis
1306 1482 1509 1564 tricentas
1530 1505 1695 1563 marcas
1717 1478 1818 1562 feini
1839 1480 2008 1590 argenti
2028 1507 2127 1562 cum
2146 1481 2333 1589 pondere
2454 1509 2458 1518 ·

670 1604 859 1688 Badeo.
849 1599 1020 1684 infesto
1043 1601 1180 1682 sancti
1200 1597 1371 1680 Martini
1385 1682 1390 1690 ,
1406 1595 1659 1686 confessoris
1695 1598 1858 1682 solvere
1893 1599 2135 1700 teneantur,
2177 1596 2334 1707 quibus

670 1721 839 1823 solutis,
862 1717 916 1800 ab
939 1717 1133 1801 omnibus
1171 1715 1470 1801 exaccionibus
1503 1724 1559 1796 ιι
1577 1713 1785 1824 collectis,
1818 1715 1972 1824 daeijs
1987 1724 2031 1796 et
2064 1714 2334 1821 victualibus,

670 1840 820 1952 quein
840 1838 1019 1946 Regno
1028 1844 1172 1919 nostro
1211 1834 1323 1943 exigi
1360 1832 1604 1943 eontigerit,
1639 1835 1727 1918 sint
1743 1777 1865 1916 liberi
1883 1830 2053 1944 penitus
2075 1839 2118 1914 et
2137 1835 2333 1943 exempti.

593 1989 600 1996 ·
668 1958 868 2042 Deinde
861 1982 957 2035 cum
977 1978 1056 2034 nos
1076 1952 1121 2032 in
1142 1950 1295 2062 Regno
1331 1961 1477 2036 nostro
1512 1952 1580 2034 vel
1618 1961 1735 2036 extra
1768 1980 1953 2062 regnum
1990 1950 2248 2032 exercituare
2266 1951 2336 2034 vel

670 2075 865 2160 miliciam
902 2097 1099 2151 exercere
1136 2069 1315 2179 exigerit
1336 2066 1433 2182 (sic)
1454 2063 1654 2177 temporis
1675 2072 1926 2173 necessitas,
1957 2069 2207 2176 Imperatori
2238 2096 2334 2151 cum

638 2269 646 2278 .
670 2189 988 2304 quinquaginta
1012 2188 1120 2269 -viris
1158 2187 1329 2269 armatis
1364 2186 1583 2269 lanceatis»
1603 2190 1747 2271 venire
1783 2188 2061 2289 tenebuntur,
2082 2183 2162 2267 sub
2183 2187 2334 2271 vexillo
2377 2247 2382 2259 ·

667 2309 786 2419 regio
801 2313 804 2316 ’
821 2306 994 2389 viriliter
1028 2306 1275 2416 pugnaturj.
1329 2304 1439 2388 Cum
1476 2314 1619 2388 autem
1640 2331 1718 2389 nos
1739 2304 2001 2416 provinciam
2021 2304 2179 2385 intrare
2201 2304 2335 2388 conti-
2396 2388 2399 2398 ,

668 2427 798 2538 gerit,
834 2424 1227 2535 quocienscumque
1244 2424 1344 2505 illuc
1366 2452 1464 2506 eum
1483 2422 1723 2508 Batonibus
1758 2426 1913 2506 nostris
1928 2436 1979 2506 et
1997 2433 2142 2505 nostra
2178 2422 2335 2505 milicia

662 2544 904 2644 veniemus,
935 2539 1022 2649 ipsi
1056 2542 1245 2648 hospites
1280 2543 1413 2624 nostri
1448 2541 1605 2626 nobis
1593 2570 1638 2622 m
1656 2542 1827 2653 introitu
1860 2542 1961 2630 dare
1981 2539 2238 2623 tenebuntur
2258 2542 2335 2623 de·

638 2655 640 2658 ’
668 2688 870 2745 censum
884 2660 1130 2767 opulentum
1152 2670 1196 2742 et
1215 2660 1432 2742 similiter
1420 2689 1466 2741 ιιι
1487 2686 1663 2770 egressu
1686 2660 1918 2741 decensum
1940 2660 2166 2741 delicatum
2191 2669 2336 2741 nostre

668 2776 906 2864 eelsindini
942 2785 1272 2887 competentem,
1297 2787 1340 2859 et
1342 2779 1478 2889 quod
1500 2776 1718 2859 crebrius
1706 2807 1751 2858 ιιι
1772 2776 2037 2877 conflictibus
2072 2776 2227 2858 nostris
2263 2803 2333 2858 sa·
2414 2801 2418 2808 ’

667 2897 849 3037 guinem
871 2893 968 3009 (sie)
991 2921 1115 2977 suum
1135 2896 1307 2978 uberius
1332 2889 1599 3011 effunderent
1615 2892 1734 3010 (sic),
1757 2906 1899 2979 nostre
1919 2894 2173 3005 Magestatis
2193 2893 2334 3012 Regie
2433 2935 2461 2950 ..

486 3075 490 3090 ,
604 3078 609 3082 -
668 3018 711 3099 ιιι
731 3024 978 3122 conspectu.
1021 3012 1157 3111 Hane
1192 2999 1353 3097 eisdem
1391 3007 1579 3124 graciam
1614 3013 1739 3096 libert
1724 3025 1855 3096 tatem
1877 3013 2070 3097 duximus
2092 3014 2333 3095 concedan-

600 3173 604 3182 ·
668 3133 767 3217 dam
789 3130 887 3246 (sic)
909 3128 1039 3231 Quod
1057 3132 1234 3215 liberam
1255 3131 1445 3215 habeant
1461 3132 1639 3216 licenoie
1674 3129 1922 3216 facultatem
1940 3133 2051 3216 inter
2072 3157 2120 3212 se
2142 3132 2336 3213 commit·

666 3262 792 3359 ιιιι,
814 3278 892 3369 scu
912 3249 1114 3333 Judicem
1135 3263 1454 3386 quemcumque
1473 3252 1684 3334 voluerint
1706 3228 1907 3361 eligendi,
1930 3251 2004 3360 qui
2023 3274 2226 3331 unacum
2248 3245 2335 3334 Co·
2379 3302 2382 3308 ·

600 3378 605 3391 ‘
652 3370 767 3451 >mite
786 3361 863 3476 pro
884 3378 1074 3475 tempore
1112 3369 1363 3480 constituto,
1400 3394 1545 3451 omnes
1583 3397 1734 3452 causas
1769 3371 1879 3451 inter
1913 3369 2028 3477 ipsos
2066 3376 2333 3487 emergentes

662 3483 906 3596 judicabit
894 3514 939 3566 ιιι
959 3482 1133 3584 lelocbe,
1159 3429 1363 3589 Ciuitate
1364 3487 1582 3596 prouincia
1606 3487 1790 3596 Capitali
1807 3487 1958 3570 iuxta
1939 3514 2013 3596 Jus
2036 3493 2080 3568 et
2099 3494 2334 3568 consuetu·

669 3605 789 3688 dures
809 3603 1026 3714 provincie
1046 3601 1324 3727 approbatam
1349 3607 1403 3688 de
1417 3607 1538 3714 penis
1554 3633 1655 3690 vero
1675 3615 1718 3688 et
1732 3606 1912 3709 mulctis,
1930 3632 2008 3689 seu
2027 3602 2259 3715 Bersagijs,
2281 3604 2334 3687 de

668 3722 809 3805 causis
830 3720 1061 3828 majoribus
1080 3717 1440 3830 provenientibus,
1459 3721 1615 3808 Comes
1635 3751 1717 3840 pro
1732 3721 1929 3840 tempore
1950 3723 2204 3808 constitutus
2227 3711 2333 3806 duos
2421 3805 2460 3838 ᾗ

666 3840 843 3946 recipiet
878 3838 1091 3942 denarios,
1128 3839 1322 3925 Comitti
1332 3844 1552 3952 provincie
1574 3844 1704 3954 tercio
1728 3842 1899 3960 denario
1936 3841 2228 3979 permanente,
2251 3839 2333 3923 hoc
2464 3919 2469 3926 .

649 3983 879 4070 expresso,
901 3953 1019 4065 qu'od
1041 3958 1093 4039 de
1114 3960 1294 4070 simplici
1328 3961 1493 4064 wlnere,
1530 3961 1648 4098 quod
1668 3950 1754 4044 non
1774 3961 1956 4044 transit
1944 3988 1989 4040 ιιι
2006 3956 2332 4063 mutilationem,

667 4075 782 4159 cedit
800 4073 942 4156 media
962 4103 1126 4182 marca;
1150 4079 1202 4160 de
1207 4080 1504 4185 mutilacione,
1526 4080 1718 4190 quinque
1733 4105 1897 4183 marce,
1920 4078 1974 4160 de
1990 4075 2128 4161 fixma
2146 4076 2366 4168 similiter,

666 4192 858 4330 quinque
879 4220 1041 4299 marce,
1056 4194 1120 4279 de
1141 4181 1247 4279 cede
1267 4225 1369 4281 vero
1393 4197 1550 4279 ιιιιιιιιι
1582 4197 1730 4279 decem
1764 4224 1919 4280 marce.
1983 4196 2160 4280 Causas
2190 4204 2333 4278 autem

664 4312 845 4395 minores
856 4339 964 4420 ,pro
983 4315 1192 4423 peccunia
1211 4314 1280 4398 vel
1298 4314 1627 4428 hereditatibus,
1649 4305 1805 4409 Comes
1824 4297 2039 4425 provincie
2060 4343 2136 4423 per
2157 4339 2204 4396 se
2218 4311 2334 4422 judi·

547 4431 588 4512 s
666 4429 793 4513 oabit.
848 4371 1148 4515 Concessimus
1185 4427 1345 4514 eisdem
1380 4434 1556 4518 liberam
1589 4423 1767 4518 licencia
1789 4420 2054 4570 facultatem,
2086 4431 2349 4515 sacerdotes

665 4574 960 4659 quoscumque
1004 4549 1312 4654 decreverint,
1300 4581 1343 4633 m
1365 4580 1464 4636 suas
1488 4551 1688 4636 ecelesias
1726 4552 1923 4664 eligendj,
1964 4581 2040 4661 qm
2028 4552 2114 4634 de
2135 4541 2333 4635 ubertate

664 4675 807 4750 nostre
842 4670 986 4776 gracie
1020 4667 1163 4750 liberis
1187 4670 1360 4752 decimis
1380 4668 1554 4783 iugibus
1574 4670 1838 4779 temporibus
1858 4671 2101 4783 pociantur,
2122 4670 2178 4754 ad
2199 4670 2334 4752 omni·

603 4837 605 4844 ·
663 4784 849 4894 potentis
871 4785 1048 4895 gloriam
1069 4795 1113 4866 et
1133 4785 1348 4872 honorem.
1382 4788 1584 4874 Volumus
1607 4790 1783 4893 cociam,
1820 4790 1938 4901 quod
1957 4788 2096 4892 nullus
2117 4789 2332 4887 Comitum
2381 4791 2386 4796 ’

663 4930 741 5013 pro
762 4912 955 5013 tempore
977 4905 1321 5011 constitutorum,
1353 4903 1468 5017 ipsos
1501 4916 1650 4991 eontra
1670 4906 1886 4991 libertates
1908 4908 1969 4991 eis
1990 4934 2219 4993 concessas
2240 4929 2332 4991 mo-
2379 4981 2382 4986 .
