5409 6309
1385 865 1428 879 -
1483 826 1656 902 428-

696 1039 899 1153 siugulsri
919 1043 1112 1118 teneatur
1132 1058 1301 1117 suorum
1321 1029 1536 1114 intendere
1567 1029 1753 1115 comodis
1774 1028 2052 1134 subditorum,
2086 1028 2249 1116 illorum
2278 1039 2343 1115 ts·

696 1188 791 1242 men
811 1158 948 1268 magis
969 1153 1126 1238 fatetur
1146 1179 1192 1236 se
1215 1150 1472 1253 debitricem,
1496 1176 1603 1261 quos
1626 1150 1771 1232 mundi
1792 1152 1925 1234 cernit
1947 1153 2138 1235 deserere
2161 1150 2344 1256 delicias,

697 1287 741 1361 et
761 1277 816 1360 ad
836 1276 982 1360 laudes
1005 1272 1224 1357 salvatoris
1246 1279 1409 1354 mentes
1442 1269 1567 1380 digne
1597 1268 1969 1378 contemplacionis
1990 1269 2141 1378 studijs
2165 1271 2341 1358 elevare.
2440 1335 2446 1344 .

695 1397 876 1482 Proinde
897 1395 985 1479 Nos
1006 1391 1247 1476 Vladislaus
1270 1390 1351 1473 Dei
1374 1388 1517 1500 gracia
1552 1387 1644 1472 Rex
1670 1387 1857 1495 Polonie,
1892 1417 1971 1471 nec
2002 1416 2086 1473 non
2118 1388 2341 1498 Terrarum

696 1516 913 1618 Cracovie,
932 1511 1205 1615 Sandomirie,
1223 1509 1397 1612 Siradie,
1417 1505 1630 1608 Lancicie,
1663 1507 1853 1617 Cuyavie
1881 1507 2194 1616 Lithuanieque
2229 1513 2344 1621 prin·

696 1663 797 1745 ceps
818 1659 1050 1744 supremus,
1070 1630 1315 1718 Pomeranie
1337 1628 1579 1734 Russieque
1601 1625 1795 1714 dominus
1821 1639 1862 1710 et
1877 1629 2011 1726 heres.
2045 1626 2344 1740 Significamus

694 1768 841 1839 tenore
864 1753 1141 1865 presencium,
1175 1748 1333 1860 quibus
1370 1747 1539 1860 expedit
1561 1748 1761 1830 universis
1801 1748 2065 1858 presentibus
2103 1756 2146 1830 et
2180 1745 2345 1852 futuris,

695 1875 897 1960 noticiam
918 1871 1181 1983 presencium
1202 1868 1419 1956 habituris:
1454 1861 1678 1964 Quomodo
1702 1870 1865 1975 providi
1885 1866 2034 1954 fideles
2054 1867 2185 1952 nostri
2205 1867 2346 1952 dilecti

697 1992 905 2080 Consules
927 1989 1122 2075 Civitatis
1152 1989 1322 2099 antique
1355 1985 1531 2069 Saudecz
1567 1985 1621 2067 ad
1657 1996 1799 2069 nostre
1836 1987 2093 2072 celsitudinis
2129 1988 2344 2072 venientes

695 2113 970 2232 presenciam,
990 2109 1112 2191 nobis
1132 2108 1275 2189 literas
1297 2107 1394 2190 dive
1413 2107 1611 2188 memorie
1634 2106 1789 2190 domini
1809 2105 2010 2196 Kazimiri
2038 2107 2154 2218 regis
2174 2105 2346 2194 Polonie

695 2231 1006 2344 predecessoris
1026 2229 1156 2312 nostri
1177 2228 1222 2309 in
1242 2251 1501 2336 pergameno
1522 2226 1712 2333 scriptas,
1744 2225 1970 2338 sigilloque
1992 2227 2124 2337 ipsius
2135 2224 2347 2337 ,Majesta-

695 2355 749 2436 tis
773 2348 1026 2460 dependenti
1048 2349 1311 2458 consignate,
1335 2353 1378 2427 et
1397 2370 1473 2454 pro
1494 2351 1615 2452 parte
1635 2345 1924 2455 religiosarum
1961 2337 2160 2432 Sororum
2191 2349 2347 2431 saucti-

695 2470 953 2572 monialium,
973 2465 1202 2555 Abbatisse
1225 2481 1268 2547 et
1288 2464 1535 2550 Conventus
1556 2465 1794 2547 monasterii
1815 2468 1858 2547 in
1879 2467 2056 2576 antiqua
2079 2463 2252 2549 Sandecz
2273 2466 2347 2551 de·

695 2601 889 2677 votarum
908 2599 1156 2693 nostrarum,
1193 2613 1320 2695 super
1349 2582 1537 2691 quadam
1557 2584 1826 2695 prerogativa
1862 2583 1977 2669 duris
2014 2585 2271 2669 Theutunici
2306 2595 2349 2670 et

694 2710 929 2797 libertatern
951 2706 1048 2823 (sic)
1069 2734 1144 2817 per
1163 2709 1304 2817 ipsum
1324 2702 1538 2785 dominum
1557 2701 1817 2786 Kazimirum
1836 2702 2012 2817 Regem,
2047 2705 2147 2815 ipsis
2169 2702 2286 2787 iacta
2307 2687 2349 2790 et

696 2841 918 2930 concessa,
959 2827 1239 2912 exbibuerunt
1279 2832 1322 2905 et
1359 2821 1669 2918 demostrarunt
1705 2849 1846 2907 coram
1882 2825 2027 2930 nobis,
2063 2823 2348 2935 supplicantes

644 3003 652 3021 ·
696 2949 868 3034 culmini
903 2960 1046 3032 nostro
1083 2947 1219 3058 Regio
1257 2939 1467 3026 humiliter
1490 2950 1532 3023 et
1553 2949 1727 3046 attente,
1756 2952 1803 3025 ut
1824 2945 1995 3028 easdem
2023 2944 2166 3028 literas
2196 2972 2347 3055 appro-

693 3070 811 3174 bare,
840 3067 1052 3151 ratificare
1075 3075 1118 3150 et
1138 3063 1387 3150 confirmare
1408 3059 1463 3142 de
1482 3062 1626 3146 innata
1656 3061 1777 3145 nobis
1807 3059 2084 3175 benignitatis
2118 3062 2347 3147 clemencia

695 3190 981 3301 dignaremur.
1028 3184 1217 3287 Quarum
1236 3193 1358 3266 tenor
1378 3180 1431 3262 de
1451 3180 1582 3266 verbo
1605 3180 1659 3262 ad
1680 3180 1855 3265 verbum
1881 3187 2072 3292 sequitur
2092 3185 2134 3265 in
2155 3185 2235 3265 hec
2255 3210 2348 3287 ver·

693 3309 773 3395 ba:
822 3306 933 3422 (Huc
952 3306 1127 3420 sequitur
1148 3300 1292 3405 tabula,
1312 3327 1431 3410 quum
1451 3299 1633 3413 superius
1643 3301 1734 3411 jum
1754 3299 1847 3403 (Nr.
1875 3299 2024 3389 CXIX
2032 3299 2244 3418 pa9.253)
2267 3300 2348 3385 cdi·

697 3427 840 3534 dimus)
927 3488 936 3509 .
1546 3481 1554 3492 -

767 3427 888 3658 ,Nol
905 3422 1084 3657 litaque
1133 3539 1371 3626 Vladislaus
1419 3536 1510 3622 Rex
1563 3536 1751 3648 prefatus
1799 3540 2176 3652 supplicationibus
2225 3540 2346 3626 nobis

596 3637 598 3646 l
695 3694 770 3778 per
790 3662 978 3779 prefatos
1000 3662 1209 3750 Consules
1233 3667 1425 3770 exparte
1447 3660 1674 3742 earundem
1706 3684 1893 3743 sororum
1923 3659 2150 3744 Abbatisse
2174 3670 2216 3743 et
2236 3659 2347 3746 San·

696 3785 996 3870 etimonialium
1026 3783 1269 3869 Conventus
1304 3777 1563 3888 Monasterij,
1593 3779 1636 3861 in
1666 3779 1842 3890 antiqua
1877 3779 2051 3866 Sundecz
2087 3778 2236 3866 oblatis
2272 3809 2349 3882 an-

801 4034 842 4117 (4)
863 4035 900 4102 In
915 4045 1121 4124 transumpto
1137 4044 1253 4103 nostro
1267 4032 1408 4099 tabulae.
1425 4031 1599 4098 nonnullae
1617 4027 1781 4099 variantes
1796 4031 1954 4099 lectiones
1978 4043 2166 4113 occurrunt,
2183 4034 2241 4102 sed
2256 4035 2349 4122 parvi

697 4123 852 4190 momenti
868 4131 902 4187 et
916 4123 1052 4188 maxime
1068 4123 1227 4189 rationem
1243 4128 1329 4183 recte
1346 4114 1511 4184 scribendi
1526 4128 1686 4203 spectant.
1730 4117 1875 4185 Tabulae
1890 4118 2042 4186 Camiri
2057 4131 2231 4188 contextus
2246 4120 2349 4207 magis

699 4207 907 4274 authenticus
922 4218 984 4283 est,
1002 4218 1145 4273 trunsum
1172 4207 1197 4271 ti
1227 4226 1304 4268 vero
1333 4202 1458 4269 mendis
1473 4213 1578 4268 scatet
1592 4214 1627 4267 et
1640 4203 1853 4270 omisiouibus
1881 4204 1991 4271 multis
2021 4204 2204 4292 verborum3
2235 4227 2349 4272 sensus

701 4303 810 4358 tamen
826 4292 1031 4359 utiusidem
1049 4303 1108 4358 est.
1184 4290 1332 4355 ectiones
1362 4291 1526 4354 variantes
1553 4289 1684 4375 majoris
1713 4289 1866 4354 momenti
1891 4289 1954 4355 buc
1980 4288 2182 4360 adducimus:
2204 4293 2238 4358 in
2259 4304 2348 4358 tran·

698 4387 827 4464 sumpto
842 4378 928 4444 tituli
944 4376 1155 4446 Constantios
1170 4376 1321 4441 ducissae
1351 4373 1494 4439 breviter
1524 4384 1702 4439 enarratae:
1726 4420 1778 4451 ....
1780 4371 1910 4441 ducissa
1938 4373 2174 4462 Glogoviensis
2203 4389 2376 4464 pronunc'

694 4461 833 4531 Cenobii
850 4461 1154 4531 Sandeczensie’t...
1184 4460 1289 4542 (deest
1303 4459 1448 4526 verbum:
1477 4471 1574 4526 motor
1588 4463 1751 4533 αόὀαέὶεεα,
1781 4458 1833 4524 vel
1847 4459 1982 4546 quiquid
2007 4461 2137 4543 simile).
2172 4464 2212 4532 Iu
2239 4461 2349 4531 abab

699 4571 728 4613 s.
746 4549 827 4615 1353
842 4547 1011 4614 titulorum
1027 4545 1238 4615 Constantine
1253 4545 1317 4611 duo
1333 4553 1410 4612 sunt
1424 4566 1547 4610 versus.
1585 4546 1669 4632 Peg.
1685 4546 1746 4609 245
1761 4567 1846 4611 vers.
1862 4547 2024 4631 bfirmiter
2038 4549 2182 4636 radicati,
2203 4549 2238 4614 in
2259 4560 2349 4614 tran·

698 4643 827 4721 sumpto
834 4635 972 4725 sirmita-
984 4629 1485 4723 jurlr'outi.Versus1'l.verbunr
1509 4632 1622 4698 ibidem
1650 4630 1683 4697 in
1710 4638 1913 4717 transumpto
1931 4632 2095 4702 omissum.
2110 4634 2206 4703 Vere.
2233 4637 2273 4700 25
2287 4656 2348 4722 pro

696 4721 883 4805 insuspectos
904 4717 939 4784 in
956 4726 1159 4806 transumpto
1173 4741 1266 4783 unum
1280 4738 1433 4804 panaque.
1456 4716 1594 4804 Wpdtpc
1607 4722 1787 4805 capitaneus
1801 4719 2067 4795 eunomiumne,
2082 4720 2115 4785 in
2130 4729 2347 4807 transumpto,

697 4814 747 4868 est
762 4805 956 4869 eundumne
984 4802 1341 4883 (couisnnotstionem
1369 4807 1481 4876 itam,
1530 4823 1582 4889 ag.
1600 4804 1684 4882 rtet.
1723 4801 1862 4867 Nomina
1891 4802 1988 4868 etiarn
2011 4804 2158 4871 villarum
2184 4807 2219 4871 in
2246 4805 2351 4870 nomi·

698 4887 794 4954 nibus
809 4886 939 4952 testium
954 4889 987 4954 in
1001 4897 1205 4974 transumpto
1220 4886 1436 4961 laudatorum,
1455 4823 1647 4964 Molendum,
1664 4886 1930 4955 Suudzr'srlrovr'cze
1941 4896 1975 4953 et
1988 4888 2131 4962 liudono.
2146 4891 2307 4958 dicuntur.

799 4970 950 5054 Denique
965 4995 1067 5040 eunus
1081 4973 1114 5039 in
1130 4983 1242 5040 nostro
1258 4979 1464 5056 transumpto
1478 4991 1544 5034 non
1559 4992 1667 5050 verne,
1679 4970 1712 5037 id
1725 4984 1775 5038 est
1788 4975 1870 5040 1258
1883 4972 2014 5060 legitur,
2031 4996 2093 5060 pro
2107 4979 2198 5045 1358.
