5409 6309
1274 1287 1279 1306 '
1371 1336 1632 1456 cnxxrn.

778 1657 783 1662 .
933 1583 2058 1720 mmmm-messanensrmm.

493 1791 498 1804 '
657 1797 2326 1930 ·neuvrgrsssnpeuomeeusssowmsmqusmuusmuuam
2488 1775 2493 1784 ’

987 1933 1163 2014 manem
1175 1920 1371 2013 pragensium
1385 1918 1469 1996 dotis
1481 1918 1514 1994 in
1526 1918 1603 1993 vile
1619 1920 1780 1991 Troiam
1794 1918 1933 1994 inuritis
1945 1922 1999 2003 (¹).

764 2130 975 2243 Hedvigis
997 2128 1166 2242 Regina
1184 2127 1373 2216 Polonie.
1425 2125 1563 2244 Quou-
1589 2127 1865 2215 conside'ratis
1885 2126 2085 2213 fidelibus
2107 2125 2324 2240 obsequiis

663 2251 786 2338 nobis
805 2275 883 2363 per
902 2248 1129 2366 formosam
1151 2249 1205 2334 de
1233 2245 1484 2333 Wanszwoio
1503 2249 1730 2362 coniugem
1750 2247 1948 2334 videlicet
1969 2246 2173 2334 stanislai
2202 2245 2325 2331 Guru-

661 2371 751 2455 ratis
780 2372 884 2457 alias
914 2368 1084 2481 puelam
1114 2378 1302 2455 nostram
1332 2370 1569 2452 curiensem
1596 2368 1786 2453 studiose
1818 2366 2034 2474 exhibitis,
2057 2376 2101 2451 et
2118 2369 2163 2452 in
2181 2374 2325 2478 poste-

659 2519 753 2575 rum
774 2488 1043 2595 exhibendis,
1066 2496 1109 2571 et
1127 2514 1213 2575 non
1232 2487 1371 2571 minus
1391 2485 1584 2604 venustis
1608 2497 1651 2572 et
1669 2487 1865 2575 virtuosis
1887 2488 1977 2586 eius
1998 2486 2324 2574 conversatione

663 2619 707 2694 et
726 2607 914 2696 moribus
928 2609 974 2693 in
989 2617 1141 2695 nostro
1155 2615 1391 2719 conspectu
1410 2607 1576 2718 placide
1598 2607 1784 2719 acceptis
1805 2606 1970 2693 solicite
1989 2608 2163 2692 attentis
2187 2605 2323 2704 eidem

658 2728 869 2815 formosae
889 2728 1040 2813 horum
1061 2727 1398 2813 consideratione
1419 2727 1602 2839 gratiam
1620 2728 1812 2813 volentes
1827 2723 1967 2811 facere
1982 2726 2223 2839 specialem.
2240 2723 2322 2811 sibi

660 2859 831 2935 centum
862 2847 1179 2959 quinquaginta
1208 2872 1375 2932 marcas
1412 2872 1655 2957 grossorum
1668 2841 1955 2959 'Pragensium
1974 2846 2136 2932 numeri
2153 2844 2323 2933 Poloni·

659 2967 762 3054 celis
781 2966 978 3054 ‘consueti
997 2963 1077 3052 XL
1100 2980 1198 3051 octo
1219 2989 1392 3079 grossm
1412 2965 1664 3051 inmercum
1695 2964 1930 3080 quamlibet
1950 2964 2256 3079 computando,
2276 2963 2321 3047 in

660 3098 705 3173 et
722 3113 851 3198 super
869 3086 971 3171 villa
991 3083 1387 3172 nostraTrczierrczo
1401 3085 1446 3169 in
1462 3085 1658 3171 districtu
1672 3084 1872 3172 Biecensi
1892 3087 2005 3192 sitta¹
2025 3086 2189 3172 ratione
2211 3084 2322 3170 dotia

659 3208 909 3294 donauimus
930 3206 1243 3318 assignammus
1265 3233 1317 3288 ac
1340 3204 1489 3292 damus
1512 3215 1555 3289 et
1574 3206 1843 3318 assignamus
1863 3235 1941 3318 per
1959 3201 2219 3317 praesentes.
2240 3203 2323 3291 hcc

658 3328 798 3432 modo,
813 3325 931 3439 quod
950 3325 1044 3437 ip'sa
1064 3324 1248 3411 formosa
1268 3334 1313 3409 et
1330 3322 1539 3412 haeredes
1559 3324 1627 3410 sui
1644 3350 2001 3435 successoresque
2019 3325 2202 3439 legitimi
2223 3351 2323 3409 ean·

660 3447 756 3536 dem
775 3444 916 3531 villam
937 3444 1180 3546 Trc‘zienczo,
1217 3472 1315 3529 curn
1339 3442 1546 3531 omnibus
1579 3444 1713 3557 ipsius
1735 3455 1779 3530 et
1797 3445 1976 3559 singulis
2016 3442 2217 3531 censibus
2238 3451 2320 3528 etc.

657 3564 870 3654 tenebunt
901 3562 1182 3676 possidebunt
1202 3574 1282 3650 etc.
1303 3563 1468 3650 tamdiu
1498 3589 1724 3680 quousque
1743 3565 1826 3677 ipsi
1845 3562 2028 3651 formose
2048 3564 2117 3653 vel
2136 3565 2223 3649 suis
2243 3590 2321 3675 per

658 3714 736 3774 nos
756 3685 826 3770 vel
844 3693 1011 3770 nostros
1041 3694 1234 3794 posteros
1265 3711 1430 3768 summa
1459 3681 1654 3793 praefata
1678 3680 1806 3770 fuerit
1825 3684 2041 3796 persoluta
2058 3682 2319 3798 integraliter

659 3835 711 3890 ex
730 3812 820 3890 toto
843 3830 932 3915 qua
951 3802 1093 3888 soluta
1125 3804 1339 3915 possessio
1374 3803 1499 3889 villae
1529 3802 1586 3887 ad
1616 3830 1693 3892 nos
1726 3803 1901 3890 debebit
1932 3805 2069 3890 redire
2091 3831 2143 3888 ac
2161 3804 2316 3889 reverti

657 3924 783 4037 pleno
802 3925 904 4006 iure.
930 3914 1142 4006 Crocooice
1160 3923 1205 4006 in
1224 3921 1371 4037 vigilia
1390 3924 1527 4009 saneti
1546 3921 1765 4036 Laurentij
1780 3923 1977 4036 Martyris
1999 3922 2174 4040 gloriosi
2191 3923 2316 4009 1396.

660 4045 742 4133 Per
763 4043 975 4131 dominam
995 4040 1220 4157 Reginam.
2316 4119 2320 4132 .

763 4281 802 4363 (¹)
826 4275 988 4346 Tabulam
1001 4277 1088 4345 hanc
1103 4277 1334 4347 Muczkcwski
1346 4278 1454 4349 deseri
1480 4281 1524 4348 sit
1538 4301 1577 4347 ex
1591 4275 1685 4348 libris
1702 4277 1869 4366 „Metryki
1883 4278 2052 4346 koronne”
2068 4277 2166 4344 dictis
2177 4277 2256 4361 (vol.
2266 4277 2321 4353 98,·

658 4389 735 4455 pag·
747 4367 813 4447 bt),
828 4364 885 4432 ubi
899 4365 934 4434 in
948 4374 1154 4452 transumpto
1168 4366 1258 4454 regis
1273 4365 1441 4452 Sigismun
1463 4390 1475 4433 r
1497 4367 1644 4457 Augusti
1659 4365 1833 4472 invenitur,
1842 4364 1902 4434 sub
1921 4365 1974 4433 die
1988 4368 2009 4433 3
2023 4362 2174 4435 ianuarii
2190 4363 2273 4430 1564
2288 4383 2317 4425 a.

2526 4623 2536 4630 ·
