5409 6309
1047 795 1327 872 -m-

363 1002 534 1090 Polonie
569 1027 646 1110 pro
683 995 949 1083 defensandis
983 998 1142 1109 iniurijs
1164 1008 1208 1081 et
1226 970 1442 1107 violencijs
1477 996 1608 1110 ipsius
1646 997 1843 1084 videlicet
1877 997 2019 1110 Regni

365 1122 578 1235 publicam
599 1126 641 1202 et
661 1123 867 1203 notoriam
903 1145 1109 1230 guerram
1143 1118 1211 1202 vel
1245 1116 1559 1230 expedicionem
1601 1111 1779 1223 habere,
1814 1120 1882 1205 vel
1916 1121 2018 1204 inire

366 1242 612 1352 contigerit,
635 1238 738 1321 etin
760 1237 936 1343 eisdem,
960 1234 1230 1349 quodabsit,
1250 1264 1325 1347 per
1348 1236 1610 1320 adversarios
1633 1262 1709 1319 seu
1730 1236 1889 1323 emulos
1910 1266 2019 1350 quos

366 1389 461 1444 cum
483 1387 567 1472 que
588 1359 724 1467 ipsum
745 1357 813 1441 vel
837 1358 999 1468 aliquos
1021 1358 1179 1441 exsule
1200 1355 1438 1440 hominibus
1477 1380 1584 1464 qnos
1616 1381 1759 1439 seeum
1792 1358 1931 1461 duxit,
1963 1361 2018 1443 ad

365 1480 491 1563 talem
512 1506 715 1589 guerram
734 1475 803 1561 vel
824 1476 1150 1586 expedicionem,
1170 1475 1455 1583 recipiendos,
1490 1475 1715 1582 captivari3
1758 1477 1937 1560 eundem
1974 1488 2017 1562 et
2052 1532 2060 1543 ,

290 1668 293 1674 .
366 1625 473 1711 quos
510 1624 691 1707 cumque
722 1622 841 1699 suos,
871 1597 1164 1707 promittimus*
1181 1595 1295 1679 bona
1324 1594 1429 1696 fide,
1459 1590 1589 1677 verbo
1621 1603 1762 1676 nostre
1784 1595 2017 1681 maiestatis

367 1744 578 1819 exemere,
623 1716 855 1819 exsolvere,
892 1712 1254 1827 effectualiterque
1283 1713 1483 1814 liberere,
1506 1713 1559 1794 de
1582 1712 1774 1818 dampnis
1811 1712 2018 1799 similiter-

367 1836 513 1948 quein
537 1837 657 1946 equis
677 1826 720 1916 iri
740 1834 814 1916 tali
834 1833 1106 1941 expedicione
1127 1832 1194 1918 vel
1214 1860 1375 1946 gwerra
1404 1830 1584 1943 publicis
1614 1838 1663 1914 ut
1681 1827 1888 1938 prefertur
1908 1836 2019 1917 o‘cci-

364 1956 434 2058 sis,
456 1952 706 2056 interfectis,
743 1961 819 2035 aut
852 1980 929 2061 per
965 1952 1100 2036 dictos
1136 1952 1400 2035 adversarios
1421 1954 1463 2035 vi
1484 1951 1667 2059 receptis
1689 1954 1778 2059 ipse
1799 1948 2019 2037 iohannes

364 2075 433 2161 vel
454 2074 520 2158 sui
539 2073 728 2158 homines
751 2070 983 2181 supradicti
1002 2074 1191 2183 perpessi
1210 2070 1407 2187 suerunt,
1430 2071 1690 2181 spondemus
1713 2069 1957 2185 satisfacere
1980 2085 2023 2158 et

365 2192 596 2305 rependere
618 2222 715 2277 cum
736 2189 905 2277 effectu.
936 2191 1089 2299 ltaque
1112 2192 1228 2301 quod
1250 2191 1453 2301 captivati
1472 2219 1550 2301 per
1571 2191 1652 2305 iam
1676 2188 1834 2277 dictum
1857 2188 2022 2289 dohan..

367 2342 484 2417 nem,
505 2321 580 2394 aut
599 2338 698 2397 suos
726 2308 934 2414 homines,
955 2310 999 2392 in
1020 2310 1135 2401 dicta
1165 2338 1327 2423 gwerra
1346 2308 1415 2395 vel
1434 2308 1728 2423 expedicione,
1752 2336 1802 2399 ex
1823 2306 2023 2411 aduersas

368 2430 438 2541 rijs
460 2460 536 2515 seu
558 2429 704 2515 emulis
726 2430 950 2541 sepedictis
971 2457 1047 2541 pro
1068 2430 1191 2515 nobis
1228 2430 1422 2513 omnibus
1444 2429 1578 2513 modis
1602 2424 1787 2515 debeant
1805 2433 2023 2533 reseruari.

367 2549 442 2635 Illo
464 2548 610 2635 eciam.
632 2548 874 2632 notabiliter
894 2548 1063 2661 adiecto
1085 2548 1200 2657 quod
1220 2549 1330 2633 idem
1344 2547 1372 2631 d
1377 2547 1564 2632 ohannes
1587 2557 1630 2631 et
1652 2550 1718 2633 sui
1738 2548 1928 2635 homines
1950 2581 2025 2637 ne·

367 2669 468 2752 mini
488 2668 656 2783 penitus
679 2688 884 2779 guerram
904 2695 1072 2752 movere
1095 2665 1298 2772 debeant,
1324 2695 1407 2770 nec,
1424 2668 1556 2779 ipsius
1577 2666 1816 2775 causafore
1838 2692 1916 2751 seu
1935 2699 2026 2757 mo·

366 2798 492 2877 tores.
533 2786 698 2871 Harum
720 2786 876 2897 quibus
898 2786 1081 2897 sigillum
1100 2796 1291 2871 nostrum
1314 2797 1379 2869 est
1399 2814 1636 2899 appensum
1654 2787 1892 2873 testimonio
1913 2789 2025 2873 litte·

365 2935 520 2991 rarum.
552 2906 709 2991 Actum
731 2914 773 2986 et
794 2906 938 2989 datum
959 2906 1002 2985 iu
1023 2903 1154 3015 Beycz
1175 2902 1279 2989 feria
1301 2915 1454 3014 quarta
1474 2915 1571 3015 post
1592 2905 1702 2987 diem
1725 2904 2022 3011 Conversionis

368 3024 494 3111 Beati
514 3025 635 3108 Pauli
655 3025 846 3134 Apostoli
868 3020 989 3107 Anno
1010 3021 1180 3108 Domini
1201 3023 1417 3109 millesimo
1440 3023 1591 3110 CCO¹³⁰
1610 3021 1772 3109 LXX¹¹¹⁰
1793 3036 1925 3125 sexto.
2015 3118 2018 3127 ,

476 3144 602 3226 1384.
653 3143 742 3226 Nos
771 3142 917 3251 itaque
939 3140 1101 3251 ¹prefati
1133 3143 1290 3225 domini
1319 3141 1528 3229 dohannis
1552 3141 1782 3226 Oastellani
1802 3138 2025 3231 sandomi-

366 3260 514 3347 riensis
549 3262 671 3345 iustis
707 3258 986 3371 peticionibus
1024 3261 1220 3371 acclinati
1254 3263 1532 3371 prescriptam
1567 3263 1748 3347 litteram
1767 3264 1810 3345 in
1831 3260 2025 3351 omuibus
2123 3326 2125 3331 -

367 3383 454 3465 suis
475 3382 656 3488 punctis,
678 3380 892 3484 clausulis,
930 3379 1114 3463 articulis
1137 3390 1180 3463 et
1199 3380 1423 3491 sentencijs
1443 3391 1581 3467 ratam
1604 3391 1646 3467 et
1665 3393 1833 3493 gratam
1861 3380 2025 3481 haben*

367 3509 466 3605 tes,¹
493 3494 637 3608 ipsam¹
652 3499 956 3611 approbamus,
986 3497 1266 3605 ratificamus,
1292 3511 1334 3583 et
1353 3510 1498 3586 tenore
1518 3503 1782 3611 presencium
1803 3503 2026 3611 confirma-

369 3646 482 3722 mus,
507 3617 780 3719 decernentes
800 3617 1088 3727 supradictam
1108 3618 1308 3725 litteram,
1327 3622 1371 3701 in
1393 3616 1549 3707 eisdem
1572 3623 1657 3704 suis
1678 3623 1865 3731 punctis,
1908 3622 2038 3725 clau,¹

370 3738 468 3821 aulis
487 3739 772 3849 etsentencijs
808 3733 1077 3843 omnimodis,
1111 3740 1302 3850 vigorem
1340 3738 1574 3825 efficaciam
1609 3742 1811 3850 optinere.
1861 3732 2025 3827 Harum

371 3856 525 3969 quibus
561 3856 746 3967 sigillum
781 3866 970 3940 nostrum
1000 3848 1236 3969 appensum
1258 3868 1323 3943 est
1342 3861 1580 3943 testimonio
1601 3859 1831 3945 litterarum
1865 3859 2025 3953 Datum

225 3984 231 3995 ’
373 3974 558 4057 Cracooie
579 3976 623 4055 in
643 3976 823 4058 crastino
847 3970 1042 4083 Symonis
1065 3985 1107 4057 et
1128 3973 1262 4081 dude,
1278 3976 1577 4087 Apostolorum
1605 3975 1849 4062 Beatorum.
1901 3979 2024 4064 Anno

372 4093 527 4177 domini
560 4092 776 4179 millesimo
800 4092 951 4179 COON
971 4092 1177 4177 LXXX¹¹²⁰
1192 4107 1358 4208 quarto.

372 4349 525 4438 praefuit,
542 4351 599 4417 sed
611 4355 678 4438 jam
691 4352 868 4420 Februario
886 4354 965 4418 1387
986 4362 1142 4436 tanquam
1170 4352 1367 4422 castellanos
1397 4355 1671 4424 Sandcmiriensis
1697 4356 1819 4443 legitur
1846 4356 1893 4423 in'
1907 4356 2026 4423 tabulis

374 4434 572 4522 (anrzyclri
598 4437 771 4515 „Kronilxa
785 4437 936 4504 Lwowa”
961 4461 1038 4525 pag.
1052 4441 1117 4517 bil.
1148 4439 1224 4504 Hoc
1239 4449 1387 4527 tempore
1403 4452 1491 4507 certe
1507 4452 1541 4507 et
1555 4442 1700 4511 ioannes
1716 4442 1754 4507 de
1769 4440 1923 4523 Tarndw,
1934 4460 2025 4507 mor*

371 4529 514 4669 mest
529 4523 713 4605 (1386-7).
737 4519 833 4591 Confi
847 4523 882 4588 iu
896 4521 1009 4591 Caroli
1023 4520 1207 4608 Szajnocha
1222 4546 1320 4613 opere
1334 4525 1356 4591 l.
1372 4546 1402 4593 c.
1417 4527 1456 4592 Τ.
1467 4526 1510 4608 11,
1525 4550 1607 4657 pag-⁵
1617 4531 1680 4653 '189
1696 4528 1937 4595 annotationem
1957 4538 2025 4593 ter·
2154 4556 2162 4571 Ι
2234 4510 2238 4517 ’
2279 4556 2287 4565 ·
