5409 6309
1387 826 1769 913 ...333..·

697 1032 793 1140 cum
815 1051 948 1136 altera
966 1030 1159 1131 venimus
1174 1032 1322 1159 vigore
1340 1038 1519 1155 quarum
1541 1041 1756 1125 literarum
1777 1034 2100 1147 eredencialium
2123 1046 2168 1128 et
2187 1034 2357 1130 nomine

695 1174 922 1261 eorundem
953 1166 1229 1253 dominorum.
1253 1182 1347 1248 cum
1370 1168 1463 1273 ipso
1478 1162 1652 1247 ‘domino
1674 1159 1901 1272 regelone·
1919 1178 2111 1275 mangno
2131 1162 2239 1248 duce
2257 1174 2365 1277 pred

694 1302 874 1395 narrato,
909 1286 1258 1373 condicionaliter
1295 1283 1549 1366 difiniuimue
1583 1291 1625 1364 et
1644 1279 1783 1363 taliter
1818 1284 2104 1481 pactauim'us,
2141 1285 2203 1366 ita
2238 1284 2355 1394 quod

693 1417 832 1527 ipsum
851 1424 929 1522 'pro
951 1409 1120 1519 domino
1144 1434 1196 1489 ac
1217 1405 1339 1516 Rege
1362 1403 1531 1512 Rengni
1553 1400 1753 1503 eiusdem,
1773 1399 1815 1483 vi
1848 1401 1973 1519 elicet
1991 1398 2165 1488 Polonie
2187 1403 2354 1489 domine

692 1538 836 1619 noetio
856 1528 1139 1642 perelegimus
1162 1535 1206 1608 et
1226 1522 1509 1632 asumpsimus
1541 1518 1622 1602 sibi
1653 1544 1827 1632 quoqne
1858 1516 2170 1607 inclitissimam
2190 1521 2355 1606 Hedui-

693 1682 791 1768 gem
815 1660 858 1733 et
877 1646 1110 1759 preclaram
1146 1644 1358 1757 Reginam
1395 1640 1569 1726 Polonie
1600 1638 1856 1741 naturalem,
1877 1641 1920 1722 in
1942 1640 2166 1759 coniugem
2199 1641 2356 1755 legitti-

692 1801 806 1858 mam
843 1769 1087 1854 condicione
1123 1761 1420 1847 matrimoniali
1457 1760 1647 1842 dedimus
1684 1760 1974 1844 condonamus
2016 1760 2270 1847 conferimus
2315 1772 2357 1845 et

694 1891 945 1978 contulimus
977 1884 1268 2003 copulandam!
1290 1879 1595 1994 quamquidem
1625 1889 1811 1964 nostram
1833 1879 2142 1964 ordinacionem
2176 1890 2219 1962 et
2251 1882 2355 1965 defi·

693 2012 901 2097 nicionem
931 2016 1117 2090 nostram
1142 2014 1183 2085 et
1205 2010 1473 2087 contractum
1493 2007 1540 2085 vt
1560 1996 1767 2107 prefertur
1787 1999 1907 2081 iuxta
1926 1999 2053 2081 ritum
2084 2000 2356 2113 legacionum

694 2141 943 2217 nostrarum.
977 2123 1032 2208 ab
1055 2122 1249 2207 omnibus
1286 2116 1561 2229 Rengnicolls
1598 2116 1766 2227 Rengni
1802 2120 2035 2227 prenarrati
2071 2121 2354 2229 promittimus

693 2264 737 2335 et
758 2246 1144 2365 spondemusrate
1206 2255 1300 2325 rata
1330 2250 1374 2321 et
1401 2236 1695 2331 inviolabiliter
1730 2233 1818 2319 fore
1856 2241 2169 2348 conseruando,
2204 2239 2354 2325 Eciam

693 2398 790 2455 cum
812 2352 960 2453 eodem
985 2362 1151 2447 domino
1173 2271 1387 2472 &agelone
1409 2384 1572 2441 summo
1595 2357 1703 2440 duce
1724 2356 1931 2465 premisso
1951 2360 2097 2468 vigore
2122 2369 2164 2441 et
2186 2361 2354 2444 nomine

691 2488 978 2600 predictorum
1013 2479 1394 2592 Rengnicelarum,
1428 2475 1769 2561 Conuencionem
1798 2479 2113 2584 composuimus
2138 2479 2356 2564 condicta-

693 2608 830 2691 uimus
863 2612 906 2685 et
937 2602 1200 2683 decreuimus
1230 2600 1273 2680 in
1304 2594 1470 2695 Laelia,
1502 2596 1544 2675 in
1578 2595 1643 2678 die
1675 2595 1992 2679 Purificacionis
2012 2600 2144 2682 marie
2166 2603 2355 2708 proxime

695 2696 973 2834 clitumno)
986 2719 1074 2804 fore
1090 2719 1349 2830 generalem,
1369 2717 1572 2821 adquam
1594 2715 1705 2800 idem
1728 2714 1920 2799 dominus
1942 2714 2103 2827 legale
2123 2719 2354 2830 duasepe·

573 2842 578 2855 ’
694 2842 834 2928 dictus
855 2840 1169 2923 cumfratribus
1191 2847 1234 2919 et
1255 2836 1500 2948 Terrigenia
1531 2836 1618 2917 suis
1635 2838 1955 2947 ,cuiuscumque
1990 2838 2171 2921 existant
2205 2839 2365 2922 condis

693 2962 839 3065 cionis,
852 2960 949 3041 'tute
965 2970 1017 3044 'et
1035 2986 1183 3042 secure
1202 2959 1345 3040 uerrire
1368 2952 1552 3055 debebit,
1573 2955 1738 3038 interim
1759 2962 1804 3038 et
1825 2955 2129 3041 ambasiatores
2150 2985 2226 3041 seu
2245 2984 2354 3041 nune

693 3080 915 3185 closerica,
934 3078 1164 3162 inmediato
1185 3087 1397 3186 tempore,
1418 3092 1491 3184 pet
1512 3073 1729 3159 uniuersos
1762 3070 1952 3159 confines
1982 3074 2152 3189 Rengni
2182 3077 2354 3163 Polonie
2400 3105 2401 3109 ‘

575 3222 577 3235 ¹
694 3198 935 3285 cumomni
964 3200 1191 3282 securitate
1221 3197 1387 3278 mittere
1418 3222 1498 3278 sua
1528 3194 1710 3304 negocia
1738 3193 1870 3291 libere
1901 3195 2179 3299 ordinandos,
2199 3196 2258 3281 Et
2277 3224 2354 3286 nos

693 3322 856 3405 milites*
879 3320 1133 3429 prenarrati,
1169 3318 1450 3426 promittimus
1472 3312 1735 3397 fideinostre
1756 3314 1836 3396 sub
1859 3314 1998 3399 edicto
2021 3324 2067 3396 et
2085 3316 2276 3420 honoris,
2298 3314 2354 3401 ab

694 3438 890 3525 omnibus
901 3437 1173 3550 Rengnicolis
1190 3435 1360 3545 Rengni
1375 3433 1561 3535 Polonie,
1574 3431 1711 3515 eidem
1728 3424 1908 3519 domino.
1926 3432 2178 3548 angelon)
2191 3458 2354 3521 summo

693 3560 792 3641 duci
810 3559 1021 3671 prelibato
1043 3572 1140 3639 cum
1162 3553 1355 3639 omnibus
1386 3551 1586 3635 fratribus
1617 3554 1705 3634 suis
1726 3562 1770 3636 et
1788 3553 2029 3638 hominibus
2060 3556 2279 3640 uniuersis.
2309 3557 2354 3637 ln

693 3680 981 3769 convencione
1004 3676 1152 3758 eadem
1175 3672 1464 3773 existentibus,
1486 3671 1734 3782 ac'Nuncijs
1767 3674 1955 3757 eiusdem
1977 3675 2353 3758 anteconuencie

692 3796 788 3878 nem'
820 3805 1108 3906 prenarratam
1129 3792 1400 3904 pernoram
1432 3791 1604 3877 Polonie
1635 3792 1933 3876 tmnaientibus
1955 3794 2022 3877 vel
2042 3797 2086 3876 in
2107 3822 2162 3876 ea
2178 3822 2353 3876 manen-

695 3916 829 4019 tibus,
851 3941 1000 3998 secure
1022 3943 1072 3997 ac
1094 3917 1291 3998 vniuersa
1315 3920 1357 3991 et
1377 3911 1544 4023 singula
1585 3939 1731 4022 agere,
1763 3913 1858 3997 dolo
1881 3924 1923 3995 et
1942 3912 2091 3996 fraude
2133 3912 2353 4019 quibusuis

696 4034 980 4143 proeulmotis.
1033 4033 1083 4117 In
1112 4032 1238 4116 huius
1268 4032 1330 4113 rei
1350 4030 1637 4116 testimonium
1669 4041 1712 4115 et
1741 4033 2013 4119 euidentiam·
2040 4031 2190 4145 Sigilla
2229 4043 2354 4117 notra
2465 4130 2471 4139 Ι

693 4152 959 4265 presentibus
994 4153 1193 4235 iussimus
1229 4150 1318 4235 fore
1355 4151 1655 4260 appendenda,
1693 4160 1834 4237 actim
1867 4163 1911 4236 et
1930 4152 2088 4237 datum
2127 4146 2172 4236 in
2213 4149 2354 4237 Vollm-

695 4268 832 4388 aipzlto
852 4270 906 4386 (²)
927 4271 1052 4357 Anno
1075 4284 1119 4356 et
1140 4272 1205 4357 die
1229 4297 1313 4380 quo
1336 4298 1477 4379 supra.
2342 4260 2346 4267 ’

802 4533 841 4619 (²)
875 4530 1075 4624 Woetowpsk,
1091 4532 1247 4623 oppidum
1260 4532 1295 4600 in
1308 4526 1507 4605 Lithuania.⁴
