5409 6309
1046 796 1326 876 -idi-

355 999 408 1088 de
424 997 521 1107 alijs
539 995 671 1084 laneis
694 961 882 1084 Causam
902 991 1040 1080 solvet
1056 993 1192 1097 uobis,
1214 1003 1341 1084 sexta
1353 971 1535 1080 denario
1549 1017 1626 1105 pro
1647 996 1871 1086 advocatis
1884 1029 2028 1086 resera
2066 975 2071 994 ’

337 1125 475 1220 πως
498 1116 552 1200 de
574 1113 672 1222 alijs
687 1120 829 1204 summ
850 1112 1061 1200 universis
1077 1111 1235 1196 mansis
1252 1121 1297 1194 et
1309 1110 1446 1215 Areis,
1467 1141 1554 1221 que
1571 1113 1686 1202 Alea
1705 1141 1783 1221 per
1801 1116 2028 1208 dimidium

322 1232 503 1318 ,loetum
536 1232 724 1331 solvent,
750 1238 911 1318 sextam
948 1239 1113 1337 partem
1145 1230 1252 1318 'dicti
1288 1230 1491 1328 advocati·
1524 1230 1766 1336 habebunt,
1800 1262 1876 1342 pro
1897 1236 2028 1322 nobis·

356 1352 547 1461 quinque
585 1347 777 1458 partibus
811 1348 1063 1432 reservatis·
1103 1345 1203 1434 -Sed
1226 1345 1280 1430 de
1300 1347 1515 1456 apotecis5
1547 1346 1739 1432 Cameris
1774 1379 2025 1458 pensorum,
2177 1438 2181 1442 ,

353 1468 512 1554 Mensis
534 1493 712 1575 panum,
734 1463 938 1548 Sutorum
959 1473 1003 1544 et
1021 1463 1232 1564 Macellis',
1254 1464 1307 1546 de
1330 1465 1960 1576 examinatario‚1ibrassplumbi
1982 1483 2029 1560 et
2052 1493 2079 1526 ³

355 1585 447 1694 alijs
466 1584 664 1668 omnibus
684 1583 914 1664 structuris
928 1585 972 1664 in
994 1583 1144 1666 eadem
1177 1579 1383 1683 Ciuitate,
1407 1580 1636 1690 dequibus
1656 1583 1860 1668 utilitates
1881 1583 2023 1696 alique

336 1702 575 1810 'provenire
610 1708 831 1808 poterunt,
868 1699 1099 1781 eorundem
1139 1708 1420 1806 proventuum
1451 1708 1575 1781 sexta
1594 1726 1693 1808 pars
1717 1700 1843 1782 etiam
1866 1704 2028 1792 eisdem
2125 1803 2128 1806 Ι

356 1820 577 1903 advocatis
593 1818 730 1918 cedet,
752 1826 794 1898 et
814 1818 1003 1926 quinque
1023 1824 1169 1922 partes
1191 1812 1351 1902 debent
1370 1816 1543 1924 aplicari
1563 1843 1639 1924 pro
1655 1819 1826 1903 comuni
1845 1820 2028 1908 utilitate
2051 1907 2055 1915 ,

357 1949 401 2026 et
421 1936 644 2020 commodo
667 1933 861 2020 Civitatis
885 1933 1097 2036 eiusdem
1118 1934 1262 2020 omnia
1281 1933 1548 2022 nihilominus
1581 1933 1780 2038 Macella,
1822 1929 2030 2045 quecume

357 2081 441 2164 que
462 2052 590 2160 ijdem
626 2052 826 2138 advocati
850 2049 1038 2158 ‘proprijs
1075 2052 1316 2158 sumptibus
1353 2051 1682 2160 comparabunt,
1719 2061 1965 2161 construent
1985 2068 2031 2141 et

237 2255 240 2260 ,
358 2179 518 2271 emunt,
541 2179 583 2252 et
603 2170 686 2254 duo
708 2168 882 2270 balnea,
919 2194 1048 2250 unam
1070 2167 1262 2272 Curiam,
1282 2168 1325 2248 in
1347 2193 1435 2278 qua
1455 2197 1640 2278 peccora
1659 2171 1918 2275 mactantur,
1939 2201 2029 2283 que

357 2286 586 2384 Kuttelhof
605 2286 840 2395 vulgariter
875 2279 1233 2393 nuncupatum-et
1251 2313 1382 2370 unum
1403 2285 1600 2384 Mansum
1621 2315 1717 2369 cum
1739 2285 1870 2372 Curia
1888 2291 1932 2370 in
1955 2289 2028 2380 Ci-

331 2393 335 2410 ’
358 2405 492 2488 vitate
512 2405 759 2512 prescripta,
780 2402 1024 2488 Molendina
1042 2404 1214 2511 insuper
1235 2404 1461 2512 quotquod
1481 2402 1578 2514 (sic)
1616 2404 1858 2488 necessaria
1889 2407 2029 2492 eidem

357 2522 564 2608 territorio
586 2548 712 2629 super
733 2521 951 2630 Daauyeez
970 2523 1015 2602 in
1035 2532 1225 2630 utroque,
1246 2520 1387 2603 littore
1408 2521 1451 2606 in
1471 2519 1695 2628 Kamanpcz
1717 2533 1761 2606 et
1779 2525 1824 2606 in
1844 2520 2025 2635 Elbynqe

358 2642 494 2748 aquis,
515 2641 602 2722 suis
622 2639 823 2745 impensis
844 2638 1023 2739 facient,
1044 2639 1100 2722 ab
1123 2637 1319 2721 omnibus
1342 2636 1552 2724 Censibus
1576 2646 1619 2719 et
1639 2637 1913 2724 servitutibus
1934 2642 2030 2751 qui*

357 2755 563 2857 buslibet,
594 2756 722 2865 ijdem
754 2757 954 2842 advocati
975 2784 1072 2842 cum
1093 2756 1180 2838 suis
1202 2754 1465 2860 Heredibus,
1494 2755 1631 2842 libera
1660 2755 1964 2863 possidebunt3
1987 2768 2031 2844 et
2132 2767 2138 2782 “

358 2873 601 2958 Molendina
620 2873 815 2980 predicta
833 2859 933 2960 nulli
955 2874 1023 2981 alij
1046 2897 1178 2982 quam
1198 2872 1302 2978 ipsis
1323 2883 1569 2958 construere
1586 2872 1745 2955 licebit.
1790 2873 1859 2958 De
1878 2873 2032 2980 Culpis
2175 2875 2179 2935 ἶ

358 3018 459 3074 vero
480 2991 630 3096 ludicij
655 3000 698 3070 et
719 2989 871 3074 Ceusis
892 2989 1119 3072 cuiuslibet
1137 2989 1219 3084 rei,
1260 2991 1394 3072 tercie
1418 3017 1517 3102 pars
1538 2990 1640 3097 ipsis
1663 2998 1707 3069 et
1725 3017 1871 3074 eorum
1891 2989 2029 3074 Here·-
2173 3089 2176 3096 ⁴

359 3107 498 3208 dibus,
520 3115 562 3190 et
582 3107 664 3186 due
700 3117 844 3212 partes
879 3117 1161 3216 proventuum
1198 3106 1384 3190 omnium
1420 3106 1544 3190 nobis
1579 3106 1755 3209 cedent;
1777 3108 1943 3216 etquis
1972 3109 2031 3192 'ad

358 3225 496 3334 ipsam
520 3222 747 3307 Civitatem
770 3224 1009 3306 addidimus
1031 3224 1083 3307 de
1107 3221 1231 3306 Silvis
1262 3225 1417 3308 nostris
1439 3222 1620 3310 Centum
1640 3223 1833 3322 Mausos,
1855 3221 1965 3333 'qum
1984 3226 2032 3310 in
2114 3299 2120 3310 .

361 3333 507 3453 spacio
530 3340 775 3450 quindecim
796 3368 1001 3426 annorum
1037 3370 1065 3422 a
1086 3341 1188 3424 data
1208 3335 1476 3454 presencium
1496 3343 1736 3426 locarentur
1758 3337 1872 3451 (sic),
1901 3350 2032 3450 quot·
2150 3437 2154 3442 ¹

244 3525 251 3540 .
363 3460 479 3572 quod
502 3460 555 3539 de
575 3457 779 3565 predictis
814 3458 975 3542 Mensis
1011 3459 1139 3544 locati
1175 3456 1331 3542 suerint
1350 3457 1395 3541 in
1415 3458 1561 3565 spacio
1595 3459 1744 3544 eodem
1776 3457 2030 3546 adsimilem

363 3581 551 3665 Consum
572 3575 912 3684 supradictorum
932 3574 1176 3662 Mensorum
1208 3576 1485 3679 tenebuntur,
1509 3577 1652 3684 stipsi
1673 3576 1818 3659 eciam·
1832 3577 2031 3662 advocati

228 3689 234 3696 ’
361 3707 495 3782 totam
530 3703 695 3802 partem
728 3693 949 3782 habebunt
971 3694 1022 3776 de
1047 3695 1205 3778 eisdem
1236 3696 1394 3778 mensis
1418 3707 1714 3802 proventuum
1745 3721 2031 3803 quomuncun·
2115 3751 2121 3770 ι

363 3844 459 3926 que.
492 3807 589 3896 Hoc
611 3837 784 3930 quoque
807 3812 1000 3898 addimus
1022 3813 1188 3921 quodsi¹
1211 3811 1374 3898 Aurum
1393 3813 1461 3898 vel
1482 3812 1696 3898 Metallum
1718 3811 2031 3922 qualecunque,

364 3933 609 4015 Advocatcs
631 3937 675 4009 et
696 3926 823 4011 Cives
846 3929 1032 4012 eiusdem
1057 3930 1252 4026 Civitatis
1273 3929 1384 4012 infra
1404 3931 1604 4016 terminos
1627 3940 1671 4010 et
1689 3928 1843 4020 limites
1864 3929 2037 4014 heredi·⁴

363 4050 464 4131 tatis
485 4046 733 4154 pertinentis
756 4047 812 4128 ad
832 4048 961 4155 ipsos,
982 4044 1152 4129 fortuna
1173 4046 1365 4150 favente,
1379 4048 1587 4151 invenire,
1609 4054 1769 4146 etcum
1791 4045 2030 4154 sumptibus

366 4192 511 4248 eorum
548 4161 766 4245 elaborare
802 4165 1049 4272 contigerit,
1087 4191 1209 4250 omne
1235 4164 1306 4273 jus
1339 4165 1590 4275 quodcirca
1608 4165 1710 4247 talia
1729 4164 1939 4270 principes
1961 4163 2029 4271 alij

366 4288 689 4382 consueverunt,
711 4281 771 4363 eis
791 4281 985 4365 volumus
1008 4279 1247 4366 observare.
1301 4282 1608 4367 Constituimus
1627 4283 1811 4391 insuper,
1831 4289 1880 4361 ut
1897 4279 2033 4370 thelo-

279 4485 286 4491 ,
366 4425 493 4483 neum
515 4398 663 4479 nonin
685 4399 859 4508 antiquo
895 4396 1010 4499 locu,
1047 4399 1122 4480 sed
1142 4400 1186 4478 in
1202 4400 1394 4507 presenti
1429 4400 1668 4508 recipiatur,
1698 4409 1741 4479 et
1770 4398 1841 4479 via
1874 4391 2032 4480 ibidem

331 4562 338 4575 =
367 4516 601 4604 communis
624 4529 667 4594 et
687 4513 861 4620 publica
884 4514 1084 4623 deinceps
1107 4505 1325 4625 dirigatur.
1388 4516 1581 4624 Amplius
1602 4517 1815 4617 volumus,
1852 4515 1968 4624 quod
1988 4516 2036 4631 in.

295 4671 299 4682 ¹
365 4646 456 4721 toto
494 4631 687 4714 districtu
722 4632 837 4737 apud
872 4634 1010 4738 ipsam
1048 4631 1294 4735 Civitatem,
1330 4632 1488 4714 nullum
1524 4634 1661 4717 forum
1694 4631 1904 4715 habeatur
1926 4631 2031 4715 alias

367 4753 496 4867 quam
518 4750 696 4852 ibidem,
718 4746 918 4831 Volentes
939 4758 991 4830 ut
1007 4749 1064 4857 hij
1086 4749 1159 4857 qui
1181 4777 1305 4831 secus
1325 4753 1676 4860 presumpserint,
1695 4778 1778 4859 ,per
1799 4749 2032 4835 advocatos
2058 4749 2062 4754 ⁴

356 4871 580 4983 'predictos
595 4866 731 4949 ¹rebus
753 4866 947 4951 omnibus
969 4867 1218 4977 spolientur,
1241 4877 1284 4951 et
1302 4894 1487 4979 persone
1521 4867 1644 4953 nobis
1666 4897 1763 4952 cum
1785 4869 1916 4978 spolio
1936 4895 2033 4977 pre-
