5409 6309
1070 897 1113 916 -
1168 847 1251 939 seo'
1295 895 1340 919 -

1077 1284 1347 1404 otxlxlx.
1437 1269 1445 1283 ⁶

658 1541 1156 1650 &umas-dte
1172 1543 1210 1626 2
1225 1542 1374 1627 dulit
1401 1533 1553 1627 uos
1573 1561 1738 1627 mmo.

397 1739 570 1840 laium
582 1763 756 1841 sunaus
769 1766 801 1839 a
814 1764 890 1837 nu
906 1763 1069 1842 suasa,
1085 1763 1282 1838 alaeam
1296 1773 1385 1836 mn
1400 1759 1628 1850 urum
1641 1762 1764 1837 stau·
1777 1764 1998 1842 amns

851 1865 1027 1943 maiani
1048 1867 1150 1940 herou
1163 1866 1201 1938 is
1215 1867 1357 1948 Lubrica
1370 1863 1487 1957 obligat
1502 1867 1553 1948 (¹).

459 2074 563 2162 Nos
584 2073 783 2184 Albertus
806 2074 859 2158 de
886 2066 1131 2158 Vemborcow
1173 2067 1318 2158 «ludex
1349 2082 1392 2156 et
1419 2063 1620 2158 Nicolaus
1644 2074 1697 2158 de
1718 2069 1894 2161 Strelcbe
1916 2075 2028 2167 Sub·

373 2187 500 2277 iudex
520 2193 651 2279 Terre
675 2193 1023 2283 Sundomiriensis
1044 2191 1266 2306 generales
1288 2200 1495 2275 testamur
1516 2193 1742 2298 universis,
1778 2197 1933 2304 quibus
1954 2229 2027 2286 ex·

371 2312 491 2423 pedit
509 2317 774 2423 presencium
795 2341 871 2423 per
891 2321 1093 2397 tenorem.
1146 2309 1368 2412 Quomodo
1399 2305 1562 2396 Nobilis
1583 2303 1825 2397 Marcissius
1849 2315 1952 2403 alias
1974 2321 2028 2405 de

242 2451 248 2464 ·
370 2428 563 2518 Potanecz
584 2432 638 2548 (²)
661 2433 892 2539 advocatus
929 2442 1115 2516 nostram
1137 2440 1461 2543 nostrorumque
1484 2457 1743 2532 assessorum
1763 2440 2028 2543 presenciam

278 2581 280 2588 ·
326 2647 328 2650 ¹
369 2553 647 2661 personaliter
683 2554 891 2635 accedens
922 2578 1008 2635 non
1038 2551 1299 2663 compulsus,
1320 2578 1400 2633 nee
1422 2550 1566 2658 aliquo
1589 2550 1685 2636 dolo
1705 2553 1926 2661 seductus,
1947 2560 2025 2642 sed
2116 2615 2122 2624 -

282 2769 285 2776 ι
369 2694 498 2756 sanus
519 2680 660 2755 mente
680 2680 725 2754 et
743 2697 931 2781 corpere,
961 2698 1128 2756 omnem
1150 2671 1424 2755 advocaciam
1444 2696 1566 2752 suam
1587 2667 1752 2753 ibidem
1772 2674 1816 2756 in
1835 2671 2027 2762 Poluuecz

369 2817 466 2873 cum
487 2793 600 2875 omni
621 2789 652 2876 J
655 2819 727 2875 ure
750 2800 793 2873 et
812 2793 937 2902 pleno
960 2790 1155 2892 dominio,
1172 2787 1298 2898 prout
1317 2789 1453 2898 ipsam
1472 2788 1586 2873 solus
1608 2792 1743 2873 tenuit
1764 2803 1807 2875 et
1826 2796 2028 2902 possedit,

369 2936 556 2993 necnon
578 2939 674 2993 eum
712 2910 926 3012 omnibuS‚
958 2918 1001 2991 et
1020 2909 1196 3020 singulis
1231 2907 1503 3009 utilitatibus,
1541 2905 1771 3014 OensibuS,
1806 2909 2025 3018 fructibus,
2158 2933 2163 2940 '

367 3026 623 3131 redditibus,
645 3013 999 3130 obuencibnssius,
1021 3055 1073 3109 ae
1093 3023 1330 3133 attinencijs
1351 3021 1578 3128 uniuersis,
1601 3025 1943 3140 quibuscumque
1964 3031 2029 3114 di-

370 3153 523 3230 cantur
542 3144 795 3249 nominibus,
826 3174 912 3257 que
925 3145 1057 3229 modo
1078 3144 1248 3237 ibidem.
1257 3153 1357 3226 sunt
1379 3151 1422 3226 et
1441 3144 1702 3253 inposterum
1722 3144 1813 3230 fieri
1832 3159 2026 3260 possunt.
2119 3161 2130 3188 ⁸

370 3263 511 3351 Niehil
539 3288 615 3373 pro
636 3287 683 3346 se
702 3263 774 3348 uel
794 3264 1098 3375 consaguineis
1130 3262 1217 3345 suis
1247 3261 1470 3351 inoeadem
1500 3259 1669 3372 penitus
1702 3241 1965 3352 excludendo
1984 3272 2030 3355 in

370 3392 540 3468 centum
574 3381 727 3467 Marcis
762 3383 995 3467 mediorum
1030 3407 1273 3495 grossorum
1294 3391 1337 3464 et
1356 3383 1399 3463 in
1421 3378 1655 3496 Sexaginta
1684 3410 1737 3465 ac
1769 3383 1855 3471 Sex
1874 3387 2028 3473 marcis

370 3502 888 3615 quartaliumparwlorum
898 3509 1094 3587 strennuo
1107 3498 1203 3616 (sic)
1213 3498 1333 3584 Militi
1343 3497 1512 3585 domino
1521 3500 2029 3593 NicolaoSubcamerario

191 3647 194 3654 ·
288 3727 290 3730 Ι
368 3622 629 3726 lanciciensi,
650 3649 834 3707 necnon
857 3621 911 3703 de
932 3618 1110 3705 labna‘cze
1130 3617 1185 3732 (³)
1205 3620 1370 3725 heredi,
1401 3621 1576 3731 suisque
1606 3622 1717 3706 veris
1739 3641 1791 3706 ac
1810 3623 2030 3736 legittimis

368 3741 684 3826 successoribus
703 3740 842 3823 fassus
865 3749 931 3823 est
949 3742 1218 3851 proposuisse
1242 3749 1286 3824 et
1306 3738 1544 3825 omnimode
1565 3738 1791 3853 obligasse.
1822 3741 1892 3826 Ita
1912 3744 2031 3853 quod

368 3861 461 3970 ipse
481 3862 673 3945 dominus
694 3860 894 3966 Nicolaus
915 3861 1001 3945 suis
1024 3883 1121 3943 eum
1140 3862 1341 3970 posteris,
1360 3857 1537 3940 eandem
1560 3858 1848 3965 advocaciam,
1867 3869 1917 3945 ut
1934 3893 2031 3975 pre-

219 4001 228 4006 ’
283 4049 295 4066 .
368 3979 510 4085 fertur,
530 3980 718 4064 Tamdiu
736 3988 892 4088 teneat,
913 3979 1073 4064 habeat
1091 3978 1138 4061 et'
1153 3979 1391 4090 possideat,
1423 4001 1647 4088 quousque
1668 3977 1749 4064 sibi
1769 3975 1840 4063 uel
1859 4003 2031 4070 succes·
2181 4051 2185 4060 ,

138 4104 142 4113 ’
333 4175 337 4182 ,
369 4096 536 4196 sonibus
556 4100 641 4183 suis
662 4101 845 4208 pecunia
864 4093 1071 4210 premissa
1088 4100 1208 4181 iuxta
1223 4098 1358 4182 Terre
1374 4095 1732 4181 conspetudinem
1753 4121 1829 4209 per
1848 4100 2032 4214 aliquem

369 4219 714 4330 propinquiorem
733 4219 993 4330 integraliter
1013 4215 1138 4300 fuerit
1157 4213 1476 4326 persolutahoe
1500 4215 1635 4298 eciam
1655 4245 1741 4302 non
1763 4216 1961 4326 obmisso,
1983 4219 2029 4309 sl

368 4336 490 4422 Idem
527 4338 719 4422 dominus
752 4338 953 4423 Nicolaus
987 4363 1063 4449 per
1104 4333 1414 4447 quemuispiam
1449 4332 1576 4418 modo
1613 4335 1755 4450 aliquo
1776 4362 1853 4447 pro
1876 4337 2027 4426 eadem

371 4449 1643 4578 advocaciapelsuispertinencijsforetinpeditus(sic).Tune
1658 4457 1769 4541 idem
1781 4457 2027 4543 Marcissius

475 4692 514 4774 (¹)
537 4689 588 4758 Ex
603 4688 754 4777 originali
768 4685 854 4776 apud
868 4686 951 4756 Jose
976 4686 1054 4754 hum
1073 4686 1283 4754 Rusieccium
1290 4685 1329 4752 de
1338 4685 1461 4756 Codice
1469 4695 1584 4754 nostro
1593 4690 1675 4757 bene
1687 4689 1838 4758 meritum
1846 4704 2027 4775 asservato,

368 4777 439 4844 Leo
453 4771 708 4860 Rzyszezewski
722 4782 755 4839 et
770 4773 935 4841 Antonius
993 4770 1180 4840 uczkcwski
1196 4771 1453 4858 descripserunt.
1477 4769 1593 4859 sigilla
1608 4773 1735 4843 desunt.

407 4946 415 4963 ο
474 4859 517 4960 ς’)
540 4859 698 5013 Ppgpniea
718 4857 797 4949 urbs
819 4860 855 4926 in
871 4856 1129 4927 Sandomiriensi
1140 4857 1324 4945 provincia,
1345 4857 1433 4959 apud
1452 4865 1559 4954 ipsam
1573 4859 1746 4942 Vistulam,
1768 4859 1846 4928 olim
1860 4863 2029 4932 cmtessani

330 4997 339 5008 ’
373 4967 691 5117 mm'lisenulaa,
710 5030 790 5098 vm
804 5004 1013 5119 esemona
1028 5028 1253 5116 agrariam·
1267 5029 1300 5096 in
1314 5029 1475 5117 nassas,
1491 5030 1652 5121 parochia
1665 5029 1903 5114 arbitrata.

529 5133 611 5179 rann
623 5133 664 5176 ΠΙ.
1427 5183 1430 5192 1
1709 5191 1713 5200 1
1779 5135 1821 5198 47
