<?xml version="1.0" encoding="UTF-8"?>
<!DOCTYPE html PUBLIC "-//W3C//DTD XHTML 1.0 Transitional//EN"
    "http://www.w3.org/TR/xhtml1/DTD/xhtml1-transitional.dtd">
<html xmlns="http://www.w3.org/1999/xhtml" xml:lang="en" lang="en">
 <head>
  <title>
</title>
<meta http-equiv="Content-Type" content="text/html;charset=utf-8" />
  <meta name='ocr-system' content='tesseract 3.04.00' />
  <meta name='ocr-capabilities' content='ocr_page ocr_carea ocr_par ocr_line ocrx_word'/>
</head>
<body>
  <div class='ocr_page' id='page_1' title='image "./codexdiplomatic00bobogoog_0330.png"; bbox 0 0 5409 6309; ppageno 0'>
   <div class='ocr_carea' id='block_1_1' title="bbox 1372 786 1733 915">
    <p class='ocr_par' dir='ltr' id='par_1_1' title="bbox 1372 786 1733 915">
     <span class='ocr_line' id='line_1_1' title="bbox 1372 786 1733 915; baseline -0.006 -50"><span class='ocrx_word' id='word_1_1' title='bbox 1372 811 1549 915; x_wconf 52' lang='lat' dir='ltr'>...epp</span> <span class='ocrx_word' id='word_1_2' title='bbox 1604 849 1653 867; x_wconf 87' lang='lat'>..</span> <span class='ocrx_word' id='word_1_3' title='bbox 1718 786 1733 877; x_wconf 69' lang='lat' dir='ltr'>J</span> 
     </span>
    </p>
   </div>
   <div class='ocr_carea' id='block_1_2' title="bbox 578 1009 2425 2314">
    <p class='ocr_par' dir='ltr' id='par_1_2' title="bbox 578 1009 2425 1965">
     <span class='ocr_line' id='line_1_2' title="bbox 677 1009 2351 1132; baseline -0.008 -25"><span class='ocrx_word' id='word_1_4' title='bbox 677 1021 952 1132; x_wconf 70' lang='lat' dir='ltr'>(lapellanum</span> <span class='ocrx_word' id='word_1_5' title='bbox 991 1013 1255 1099; x_wconf 76' lang='lat' dir='ltr'>saecularem</span> <span class='ocrx_word' id='word_1_6' title='bbox 1277 1009 1345 1095; x_wconf 85' lang='lat' dir='ltr'>vel</span> <span class='ocrx_word' id='word_1_7' title='bbox 1368 1011 1630 1122; x_wconf 80' lang='lat' dir='ltr'>regularem,</span> <span class='ocrx_word' id='word_1_8' title='bbox 1659 1010 1741 1122; x_wconf 82' lang='lat' dir='ltr'>qui</span> <span class='ocrx_word' id='word_1_9' title='bbox 1764 1011 1890 1091; x_wconf 87' lang='lat' dir='ltr'>&#39;omni</span> <span class='ocrx_word' id='word_1_10' title='bbox 1927 1010 1995 1093; x_wconf 88' lang='lat' dir='ltr'>die</span> <span class='ocrx_word' id='word_1_11' title='bbox 2018 1012 2145 1121; x_wconf 82' lang='lat' dir='ltr'>legat</span> <span class='ocrx_word' id='word_1_12' title='bbox 2175 1014 2351 1096; x_wconf 84' lang='lat' dir='ltr'>missam</span> 
     </span>
     <span class='ocr_line' id='line_1_3' title="bbox 676 1123 2425 1245; baseline -0.007 -20"><span class='ocrx_word' id='word_1_13' title='bbox 676 1141 973 1245; x_wconf 71' lang='lat' dir='ltr'>destructorum</span> <span class='ocrx_word' id='word_1_14' title='bbox 993 1133 1051 1215; x_wconf 89' lang='lat' dir='ltr'>ad</span> <span class='ocrx_word' id='word_1_15' title='bbox 1072 1140 1236 1217; x_wconf 86' lang='lat' dir='ltr'>certum</span> <span class='ocrx_word' id='word_1_16' title='bbox 1274 1131 1407 1233; x_wconf 83' lang='lat' dir='ltr'>altare</span> <span class='ocrx_word' id='word_1_17' title='bbox 1445 1129 1594 1213; x_wconf 89' lang='lat' dir='ltr'>diebus</span> <span class='ocrx_word' id='word_1_18' title='bbox 1631 1123 1875 1214; x_wconf 74' lang='lat' dir='ltr'>solennibus</span> <span class='ocrx_word' id='word_1_19' title='bbox 1912 1128 2124 1213; x_wconf 77' lang='lat' dir='ltr'>duntaxat</span> <span class='ocrx_word' id='word_1_20' title='bbox 2144 1134 2347 1239; x_wconf 79' lang='lat' dir='ltr'>exeeptis.</span> <span class='ocrx_word' id='word_1_21' title='bbox 2415 1227 2425 1237; x_wconf 29' lang='lat'>³</span> 
     </span>
     <span class='ocr_line' id='line_1_4' title="bbox 676 1247 2348 1360; baseline -0.007 -18"><span class='ocrx_word' id='word_1_22' title='bbox 676 1262 732 1344; x_wconf 84' lang='lat' dir='ltr'>Et</span> <span class='ocrx_word' id='word_1_23' title='bbox 753 1259 866 1339; x_wconf 88' lang='lat' dir='ltr'>circa</span> <span class='ocrx_word' id='word_1_24' title='bbox 887 1254 969 1335; x_wconf 88' lang='lat' dir='ltr'>hoe</span> <span class='ocrx_word' id='word_1_25' title='bbox 991 1248 1122 1335; x_wconf 86' lang='lat' dir='ltr'>bisin</span> <span class='ocrx_word' id='word_1_26' title='bbox 1144 1247 1395 1360; x_wconf 83' lang='lat' dir='ltr'>Septimana</span> <span class='ocrx_word' id='word_1_27' title='bbox 1416 1247 1630 1359; x_wconf 77' lang='lat' dir='ltr'>qualibet,</span> <span class='ocrx_word' id='word_1_28' title='bbox 1664 1249 1792 1331; x_wconf 84' lang='lat' dir='ltr'>etiam</span> <span class='ocrx_word' id='word_1_29' title='bbox 1820 1247 2039 1356; x_wconf 81' lang='lat' dir='ltr'>perpetuis</span> <span class='ocrx_word' id='word_1_30' title='bbox 2068 1248 2348 1357; x_wconf 64' lang='lat' dir='ltr'>temporibua</span> 
     </span>
     <span class='ocr_line' id='line_1_5' title="bbox 675 1363 2348 1477; baseline -0.007 -17"><span class='ocrx_word' id='word_1_31' title='bbox 675 1374 875 1460; x_wconf 88' lang='lat' dir='ltr'>videlicet</span> <span class='ocrx_word' id='word_1_32' title='bbox 895 1370 1043 1454; x_wconf 87' lang='lat' dir='ltr'>Tertia</span> <span class='ocrx_word' id='word_1_33' title='bbox 1065 1377 1108 1451; x_wconf 88' lang='lat' dir='ltr'>et</span> <span class='ocrx_word' id='word_1_34' title='bbox 1131 1366 1263 1453; x_wconf 85' lang='lat' dir='ltr'>Sexta</span> <span class='ocrx_word' id='word_1_35' title='bbox 1284 1369 1429 1471; x_wconf 79' lang='lat' dir='ltr'>Faria,</span> <span class='ocrx_word' id='word_1_36' title='bbox 1465 1365 1650 1477; x_wconf 79' lang='lat' dir='ltr'>Vigiliac</span> <span class='ocrx_word' id='word_1_37' title='bbox 1686 1366 1853 1450; x_wconf 88' lang='lat' dir='ltr'>Novem</span> <span class='ocrx_word' id='word_1_38' title='bbox 1873 1363 2149 1468; x_wconf 77' lang='lat' dir='ltr'><strong>Lectionum,</strong></span> <span class='ocrx_word' id='word_1_39' title='bbox 2172 1376 2217 1449; x_wconf 90' lang='lat' dir='ltr'>et</span> <span class='ocrx_word' id='word_1_40' title='bbox 2237 1366 2348 1449; x_wconf 83' lang='lat' dir='ltr'>duae</span> 
     </span>
     <span class='ocr_line' id='line_1_6' title="bbox 674 1484 2394 1599; baseline -0.008 -21"><span class='ocrx_word' id='word_1_41' title='bbox 674 1495 830 1579; x_wconf 85' lang='lat' dir='ltr'>missae</span> <span class='ocrx_word' id='word_1_42' title='bbox 862 1487 1100 1599; x_wconf 76' lang='lat' dir='ltr'>specialiter</span> <span class='ocrx_word' id='word_1_43' title='bbox 1138 1485 1434 1573; x_wconf 74' lang='lat' dir='ltr'>destinatarum</span> <span class='ocrx_word' id='word_1_44' title='bbox 1456 1513 1566 1569; x_wconf 88' lang='lat' dir='ltr'>voce</span> <span class='ocrx_word' id='word_1_45' title='bbox 1587 1487 1829 1568; x_wconf 74' lang='lat' dir='ltr'>decantent.</span> <span class='ocrx_word' id='word_1_46' title='bbox 1882 1484 2112 1567; x_wconf 82' lang='lat' dir='ltr'>Praeterea</span> <span class='ocrx_word' id='word_1_47' title='bbox 2133 1485 2187 1566; x_wconf 93' lang='lat' dir='ltr'>de</span> <span class='ocrx_word' id='word_1_48' title='bbox 2209 1487 2349 1596; x_wconf 82' lang='lat' dir='ltr'>gratia</span> <span class='ocrx_word' id='word_1_49' title='bbox 2390 1556 2394 1565; x_wconf 92' lang='lat'>.</span> 
     </span>
     <span class='ocr_line' id='line_1_7' title="bbox 674 1601 2350 1722; baseline -0.007 -26"><span class='ocrx_word' id='word_1_50' title='bbox 674 1621 821 1698; x_wconf 86' lang='lat' dir='ltr'>nostra</span> <span class='ocrx_word' id='word_1_51' title='bbox 844 1607 1020 1722; x_wconf 90' lang='lat' dir='ltr'>speciali</span> <span class='ocrx_word' id='word_1_52' title='bbox 1041 1602 1205 1687; x_wconf 83' lang='lat' dir='ltr'><strong>Abbati</strong></span> <span class='ocrx_word' id='word_1_53' title='bbox 1227 1614 1273 1691; x_wconf 89' lang='lat' dir='ltr'>et</span> <span class='ocrx_word' id='word_1_54' title='bbox 1291 1604 1532 1691; x_wconf 79' lang='lat' dir='ltr'>Conventui</span> <span class='ocrx_word' id='word_1_55' title='bbox 1561 1603 1810 1711; x_wconf 84' lang='lat' dir='ltr'>Monastery</span> <span class='ocrx_word' id='word_1_56' title='bbox 1842 1601 2099 1710; x_wconf 83' lang='lat' dir='ltr'>Tynciensis</span> <span class='ocrx_word' id='word_1_57' title='bbox 2131 1628 2350 1713; x_wconf 76' lang='lat' dir='ltr'>saepeme-</span> 
     </span>
     <span class='ocr_line' id='line_1_8' title="bbox 674 1718 2351 1835; baseline -0.005 -23"><span class='ocrx_word' id='word_1_58' title='bbox 674 1730 848 1816; x_wconf 85' lang='lat' dir='ltr'>moratis</span> <span class='ocrx_word' id='word_1_59' title='bbox 870 1725 1139 1835; x_wconf 69' lang='lat' dir='ltr'>saepedictae</span> <span class='ocrx_word' id='word_1_60' title='bbox 1162 1720 1428 1807; x_wconf 78' lang='lat' dir='ltr'>Advocatias</span> <span class='ocrx_word' id='word_1_61' title='bbox 1457 1723 1689 1826; x_wconf 85' lang='lat' dir='ltr'>vendendi,</span> <span class='ocrx_word' id='word_1_62' title='bbox 1713 1721 1900 1806; x_wconf 87' lang='lat' dir='ltr'>donandi</span> <span class='ocrx_word' id='word_1_63' title='bbox 1919 1728 1964 1801; x_wconf 89' lang='lat' dir='ltr'>et</span> <span class='ocrx_word' id='word_1_64' title='bbox 1978 1718 2351 1809; x_wconf 81' lang='lat' dir='ltr'>commutandiac</span> 
     </span>
     <span class='ocr_line' id='line_1_9' title="bbox 578 1838 2348 1965; baseline -0.008 -27"><span class='ocrx_word' id='word_1_65' title='bbox 578 1956 584 1965; x_wconf 27' lang='lat'>¹</span> <span class='ocrx_word' id='word_1_66' title='bbox 673 1879 750 1962; x_wconf 85' lang='lat' dir='ltr'>pro</span> <span class='ocrx_word' id='word_1_67' title='bbox 771 1876 851 1931; x_wconf 88' lang='lat' dir='ltr'>sua</span> <span class='ocrx_word' id='word_1_68' title='bbox 872 1847 1027 1953; x_wconf 90' lang='lat' dir='ltr'>suique</span> <span class='ocrx_word' id='word_1_69' title='bbox 1046 1842 1291 1951; x_wconf 87' lang='lat' dir='ltr'>Monastery</span> <span class='ocrx_word' id='word_1_70' title='bbox 1311 1843 1495 1925; x_wconf 87' lang='lat' dir='ltr'>utilitate</span> <span class='ocrx_word' id='word_1_71' title='bbox 1513 1852 1555 1924; x_wconf 92' lang='lat' dir='ltr'>et</span> <span class='ocrx_word' id='word_1_72' title='bbox 1570 1841 1857 1925; x_wconf 76' lang='lat' dir='ltr'>melioratione</span> <span class='ocrx_word' id='word_1_73' title='bbox 1879 1838 2199 1949; x_wconf 82' lang='lat' dir='ltr'>quomodolibet</span> <span class='ocrx_word' id='word_1_74' title='bbox 2216 1839 2348 1923; x_wconf 87' lang='lat' dir='ltr'>libere</span> 
     </span>
    </p>

    <p class='ocr_par' dir='ltr' id='par_1_3' title="bbox 675 1954 2413 2314">
     <span class='ocr_line' id='line_1_10' title="bbox 676 1954 2413 2070; baseline -0.009 -16"><span class='ocrx_word' id='word_1_75' title='bbox 676 1965 972 2065; x_wconf 84' lang='lat' dir='ltr'>convertendi,</span> <span class='ocrx_word' id='word_1_76' title='bbox 992 1954 1161 2070; x_wconf 82' lang='lat' dir='ltr'>plenam</span> <span class='ocrx_word' id='word_1_77' title='bbox 1181 1969 1225 2042; x_wconf 85' lang='lat' dir='ltr'>et</span> <span class='ocrx_word' id='word_1_78' title='bbox 1246 1961 1531 2045; x_wconf 82' lang='lat' dir='ltr'>omnimodam</span> <span class='ocrx_word' id='word_1_79' title='bbox 1568 1960 1719 2042; x_wconf 77' lang='lat' dir='ltr'>damus</span> <span class='ocrx_word' id='word_1_80' title='bbox 1753 1965 2031 2069; x_wconf 85' lang='lat' dir='ltr'>potestatem.</span> <span class='ocrx_word' id='word_1_81' title='bbox 2083 1957 2136 2041; x_wconf 90' lang='lat' dir='ltr'>In</span> <span class='ocrx_word' id='word_1_82' title='bbox 2166 1980 2348 2068; x_wconf 84' lang='lat' dir='ltr'>quornm</span> <span class='ocrx_word' id='word_1_83' title='bbox 2407 1984 2413 1994; x_wconf 92' lang='lat'><strong>·</strong></span> 
     </span>
     <span class='ocr_line' id='line_1_11' title="bbox 676 2074 2349 2189; baseline -0.01 -17"><span class='ocrx_word' id='word_1_84' title='bbox 676 2087 864 2173; x_wconf 90' lang='lat' dir='ltr'>omnium</span> <span class='ocrx_word' id='word_1_85' title='bbox 893 2081 1181 2165; x_wconf 86' lang='lat' dir='ltr'>testimonium</span> <span class='ocrx_word' id='word_1_86' title='bbox 1203 2089 1247 2161; x_wconf 89' lang='lat' dir='ltr'>et</span> <span class='ocrx_word' id='word_1_87' title='bbox 1266 2078 1524 2163; x_wconf 86' lang='lat' dir='ltr'>evidentiam</span> <span class='ocrx_word' id='word_1_88' title='bbox 1544 2087 1780 2189; x_wconf 86' lang='lat' dir='ltr'>perpetuae</span> <span class='ocrx_word' id='word_1_89' title='bbox 1799 2077 2011 2160; x_wconf 85' lang='lat' dir='ltr'>firmitatis</span> <span class='ocrx_word' id='word_1_90' title='bbox 2031 2100 2236 2186; x_wconf 79' lang='lat' dir='ltr'>praesens</span> <span class='ocrx_word' id='word_1_91' title='bbox 2255 2074 2349 2159; x_wconf 56' lang='lat' dir='ltr'>Prie*</span> 
     </span>
     <span class='ocr_line' id='line_1_12' title="bbox 675 2193 2349 2314; baseline -0.008 -25"><span class='ocrx_word' id='word_1_92' title='bbox 675 2203 880 2314; x_wconf 83' lang='lat' dir='ltr'>vilegium</span> <span class='ocrx_word' id='word_1_93' title='bbox 898 2208 1074 2286; x_wconf 88' lang='lat' dir='ltr'>nostrae</span> <span class='ocrx_word' id='word_1_94' title='bbox 1087 2197 1334 2283; x_wconf 83' lang='lat' dir='ltr'>&#39;donationis</span> <span class='ocrx_word' id='word_1_95' title='bbox 1367 2196 1528 2280; x_wconf 89' lang='lat' dir='ltr'>Abbati</span> <span class='ocrx_word' id='word_1_96' title='bbox 1550 2205 1593 2281; x_wconf 89' lang='lat' dir='ltr'>et</span> <span class='ocrx_word' id='word_1_97' title='bbox 1616 2195 1855 2282; x_wconf 78' lang='lat' dir='ltr'>Conventui</span> <span class='ocrx_word' id='word_1_98' title='bbox 1889 2195 2087 2279; x_wconf 84' lang='lat' dir='ltr'>Fratrum</span> <span class='ocrx_word' id='word_1_99' title='bbox 2107 2195 2210 2278; x_wconf 86' lang='lat' dir='ltr'>dicti</span> <span class='ocrx_word' id='word_1_100' title='bbox 2229 2193 2349 2304; x_wconf 79' lang='lat' dir='ltr'>Tyn-</span> 
     </span>
    </p>
   </div>
   <div class='ocr_carea' id='block_1_3' title="bbox 564 2314 2511 2429">
    <p class='ocr_par' dir='ltr' id='par_1_4' title="bbox 564 2314 2511 2429">
     <span class='ocr_line' id='line_1_13' title="bbox 564 2314 2511 2429; baseline -0.006 -22"><span class='ocrx_word' id='word_1_101' title='bbox 564 2378 571 2391; x_wconf 88' lang='lat'><strong>·</strong></span> <span class='ocrx_word' id='word_1_102' title='bbox 676 2322 830 2407; x_wconf 84' lang='lat' dir='ltr'>aiensis</span> <span class='ocrx_word' id='word_1_103' title='bbox 852 2317 1098 2425; x_wconf 79' lang='lat' dir='ltr'>Monaster&#39;y</span> <span class='ocrx_word' id='word_1_104' title='bbox 1120 2316 1210 2401; x_wconf 86' lang='lat' dir='ltr'>dari</span> <span class='ocrx_word' id='word_1_105' title='bbox 1230 2314 1406 2398; x_wconf 85' lang='lat' dir='ltr'>fecimus</span> <span class='ocrx_word' id='word_1_106' title='bbox 1440 2314 1683 2427; x_wconf 85' lang='lat' dir='ltr'>Sigillorum</span> <span class='ocrx_word' id='word_1_107' title='bbox 1718 2324 1957 2399; x_wconf 87' lang='lat' dir='ltr'>nostrorum</span> <span class='ocrx_word' id='word_1_108' title='bbox 1977 2314 2208 2429; x_wconf 81' lang='lat' dir='ltr'>Regalium</span> <span class='ocrx_word' id='word_1_109' title='bbox 2227 2322 2349 2422; x_wconf 88' lang='lat' dir='ltr'>parte</span> <span class='ocrx_word' id='word_1_110' title='bbox 2428 2423 2432 2429; x_wconf 14' lang='grc' dir='ltr'>ι</span> <span class='ocrx_word' id='word_1_111' title='bbox 2508 2414 2511 2421; x_wconf 24' lang='lat'><strong><em>¹</em></strong></span> 
     </span>
    </p>
   </div>
   <div class='ocr_carea' id='block_1_4' title="bbox 587 2428 2364 3471">
    <p class='ocr_par' dir='ltr' id='par_1_5' title="bbox 587 2428 2349 2554">
     <span class='ocr_line' id='line_1_14' title="bbox 587 2428 2349 2554; baseline -0.01 -26"><span class='ocrx_word' id='word_1_112' title='bbox 587 2496 624 2554; x_wconf 80' lang='lat'>.·</span> <span class='ocrx_word' id='word_1_113' title='bbox 678 2470 730 2527; x_wconf 85' lang='lat' dir='ltr'>ex</span> <span class='ocrx_word' id='word_1_114' title='bbox 747 2449 928 2550; x_wconf 88' lang='lat' dir='ltr'>utraque</span> <span class='ocrx_word' id='word_1_115' title='bbox 950 2462 1245 2545; x_wconf 85' lang='lat' dir='ltr'>expressorum</span> <span class='ocrx_word' id='word_1_116' title='bbox 1276 2433 1620 2545; x_wconf 87' lang='lat' dir='ltr'>subappensione</span> <span class='ocrx_word' id='word_1_117' title='bbox 1653 2435 1970 2529; x_wconf 84' lang='lat' dir='ltr'>communitum.</span> <span class='ocrx_word' id='word_1_118' title='bbox 2023 2431 2181 2517; x_wconf 84' lang='lat' dir='ltr'>Actum</span> <span class='ocrx_word' id='word_1_119' title='bbox 2204 2428 2349 2513; x_wconf 81' lang='lat' dir='ltr'>Cruce-</span> 
     </span>
    </p>

    <p class='ocr_par' dir='ltr' id='par_1_6' title="bbox 664 2548 2348 2664">
     <span class='ocr_line' id='line_1_15' title="bbox 664 2548 2348 2664; baseline -0.007 -21"><span class='ocrx_word' id='word_1_120' title='bbox 664 2560 761 2643; x_wconf 83' lang='lat' dir='ltr'>&#39;oiae</span> <span class='ocrx_word' id='word_1_121' title='bbox 781 2560 826 2640; x_wconf 92' lang='lat' dir='ltr'>in</span> <span class='ocrx_word' id='word_1_122' title='bbox 846 2565 1001 2641; x_wconf 86' lang='lat' dir='ltr'>octava</span> <span class='ocrx_word' id='word_1_123' title='bbox 1022 2554 1287 2664; x_wconf 85' lang='lat' dir='ltr'>Epiphaniae</span> <span class='ocrx_word' id='word_1_124' title='bbox 1307 2552 1491 2655; x_wconf 88' lang='lat' dir='ltr'>Domini,</span> <span class='ocrx_word' id='word_1_125' title='bbox 1512 2552 1595 2636; x_wconf 86' lang='lat' dir='ltr'>sub</span> <span class='ocrx_word' id='word_1_126' title='bbox 1614 2580 1726 2636; x_wconf 87' lang='lat' dir='ltr'>anno</span> <span class='ocrx_word' id='word_1_127' title='bbox 1740 2553 1941 2661; x_wconf 17' lang='lat' dir='ltr'>*eiusdem</span> <span class='ocrx_word' id='word_1_128' title='bbox 1955 2552 2013 2637; x_wconf 89' lang='grc' dir='ltr'>Μ.</span> <span class='ocrx_word' id='word_1_129' title='bbox 2023 2550 2154 2638; x_wconf 78' lang='grc'><strong>000.</strong></span> <span class='ocrx_word' id='word_1_130' title='bbox 2164 2548 2259 2634; x_wconf 85' lang='lat' dir='ltr'>LX.</span> <span class='ocrx_word' id='word_1_131' title='bbox 2269 2548 2348 2632; x_wconf 82' lang='lat'>111.</span> 
     </span>
    </p>

    <p class='ocr_par' dir='ltr' id='par_1_7' title="bbox 644 2668 2364 3471">
     <span class='ocr_line' id='line_1_16' title="bbox 644 2668 2350 2784; baseline -0.008 -22"><span class='ocrx_word' id='word_1_132' title='bbox 644 2681 649 2694; x_wconf 86' lang='lat'>&#39;</span> <span class='ocrx_word' id='word_1_133' title='bbox 675 2675 981 2762; x_wconf 87' lang='lat' dir='ltr'>Praesentibus</span> <span class='ocrx_word' id='word_1_134' title='bbox 1002 2673 1268 2756; x_wconf 84' lang='lat' dir='ltr'>histestibus</span> <span class='ocrx_word' id='word_1_135' title='bbox 1290 2670 1460 2756; x_wconf 79' lang='lat' dir='ltr'>Joanne</span> <span class='ocrx_word' id='word_1_136' title='bbox 1492 2671 1739 2756; x_wconf 81' lang='lat' dir='ltr'>Castellano</span> <span class='ocrx_word' id='word_1_137' title='bbox 1772 2668 2049 2756; x_wconf 82' lang='lat' dir='ltr'>Oraooviensi</span> <span class='ocrx_word' id='word_1_138' title='bbox 2070 2668 2138 2784; x_wconf 57' lang='grc' dir='ltr'>(ὁ),</span> <span class='ocrx_word' id='word_1_139' title='bbox 2180 2668 2350 2752; x_wconf 81' lang='lat' dir='ltr'>Joanne</span> 
     </span>
     <span class='ocr_line' id='line_1_17' title="bbox 676 2786 2350 2907; baseline -0.007 -28"><span class='ocrx_word' id='word_1_140' title='bbox 676 2795 921 2879; x_wconf 79' lang='lat' dir='ltr'>Decanoet</span> <span class='ocrx_word' id='word_1_141' title='bbox 943 2790 1213 2907; x_wconf 80' lang='lat' dir='ltr'>Cancellario</span> <span class='ocrx_word' id='word_1_142' title='bbox 1252 2789 1548 2894; x_wconf 81' lang='lat' dir='ltr'>Cracoviensi,</span> <span class='ocrx_word' id='word_1_143' title='bbox 1584 2788 1816 2874; x_wconf 88' lang='lat' dir='ltr'>Predborio</span> <span class='ocrx_word' id='word_1_144' title='bbox 1853 2788 2091 2899; x_wconf 86' lang='lat' dir='ltr'>Oapitaneo</span> <span class='ocrx_word' id='word_1_145' title='bbox 2128 2786 2350 2887; x_wconf 64' lang='lat' dir='ltr'>Ouiaviaa</span> 
     </span>
     <span class='ocr_line' id='line_1_18' title="bbox 675 2906 2348 3017; baseline -0.008 -18"><span class='ocrx_word' id='word_1_146' title='bbox 675 2913 873 2999; x_wconf 82' lang='lat' dir='ltr'>Bodzata</span> <span class='ocrx_word' id='word_1_147' title='bbox 906 2912 1187 2996; x_wconf 82' lang='lat' dir='ltr'>Procuratore</span> <span class='ocrx_word' id='word_1_148' title='bbox 1222 2907 1440 3012; x_wconf 69' lang='lat' dir='ltr'>(imerali,</span> <span class='ocrx_word' id='word_1_149' title='bbox 1469 2909 1700 2994; x_wconf 87' lang='lat' dir='ltr'>Predborio</span> <span class='ocrx_word' id='word_1_150' title='bbox 1724 2909 1776 2990; x_wconf 93' lang='lat' dir='ltr'>de</span> <span class='ocrx_word' id='word_1_151' title='bbox 1800 2906 1946 3017; x_wconf 72' lang='lat' dir='ltr'>Brzere</span> <span class='ocrx_word' id='word_1_152' title='bbox 1966 2916 2009 2989; x_wconf 91' lang='lat' dir='ltr'>et</span> <span class='ocrx_word' id='word_1_153' title='bbox 2027 2906 2201 2990; x_wconf 84' lang='lat' dir='ltr'>Andrea</span> <span class='ocrx_word' id='word_1_154' title='bbox 2230 2906 2348 2987; x_wconf 84' lang='lat' dir='ltr'>dicto</span> 
     </span>
     <span class='ocr_line' id='line_1_19' title="bbox 679 3023 2349 3141; baseline -0.008 -23"><span class='ocrx_word' id='word_1_155' title='bbox 679 3030 856 3141; x_wconf 65' lang='lat' dir='ltr'>Myrrha,</span> <span class='ocrx_word' id='word_1_156' title='bbox 880 3059 933 3113; x_wconf 88' lang='lat' dir='ltr'>ac</span> <span class='ocrx_word' id='word_1_157' title='bbox 955 3031 1048 3139; x_wconf 86' lang='lat' dir='ltr'>alys</span> <span class='ocrx_word' id='word_1_158' title='bbox 1069 3055 1200 3140; x_wconf 91' lang='lat' dir='ltr'>quam</span> <span class='ocrx_word' id='word_1_159' title='bbox 1219 3027 1411 3139; x_wconf 90' lang='lat' dir='ltr'>pluribus</span> <span class='ocrx_word' id='word_1_160' title='bbox 1430 3028 1518 3110; x_wconf 84' lang='lat' dir='ltr'>fide</span> <span class='ocrx_word' id='word_1_161' title='bbox 1539 3028 1692 3139; x_wconf 87' lang='lat' dir='ltr'>dignis.</span> <span class='ocrx_word' id='word_1_162' title='bbox 1725 3026 1886 3111; x_wconf 90' lang='lat' dir='ltr'>Datum</span> <span class='ocrx_word' id='word_1_163' title='bbox 1906 3054 1984 3135; x_wconf 88' lang='lat' dir='ltr'>per</span> <span class='ocrx_word' id='word_1_164' title='bbox 2004 3036 2154 3109; x_wconf 88' lang='lat' dir='ltr'>manus</span> <span class='ocrx_word' id='word_1_165' title='bbox 2176 3023 2349 3107; x_wconf 86' lang='lat' dir='ltr'>Domini</span> 
     </span>
     <span class='ocr_line' id='line_1_20' title="bbox 676 3142 2364 3255; baseline -0.007 -21"><span class='ocrx_word' id='word_1_166' title='bbox 676 3149 858 3234; x_wconf 75' lang='lat' dir='ltr'>Joannis</span> <span class='ocrx_word' id='word_1_167' title='bbox 901 3147 1156 3255; x_wconf 80' lang='lat' dir='ltr'>Cancellary</span> <span class='ocrx_word' id='word_1_168' title='bbox 1175 3148 1308 3231; x_wconf 80' lang='lat' dir='ltr'>nostri</span> <span class='ocrx_word' id='word_1_169' title='bbox 1330 3146 1626 3232; x_wconf 85' lang='lat' dir='ltr'>Oracoviensis</span> <span class='ocrx_word' id='word_1_170' title='bbox 1668 3144 1915 3255; x_wconf 87' lang='lat' dir='ltr'>supradicti.</span> <span class='ocrx_word' id='word_1_171' title='bbox 1969 3142 2184 3254; x_wconf 82' lang='lat' dir='ltr'>Scriptum</span> <span class='ocrx_word' id='word_1_172' title='bbox 2206 3153 2364 3225; x_wconf 39' lang='lat' dir='ltr'>autem⁸</span> 
     </span>
     <span class='ocr_line' id='line_1_21' title="bbox 675 3260 2348 3379; baseline -0.002 -30"><span class='ocrx_word' id='word_1_173' title='bbox 675 3296 752 3379; x_wconf 89' lang='lat' dir='ltr'>per</span> <span class='ocrx_word' id='word_1_174' title='bbox 772 3267 994 3352; x_wconf 86' lang='lat' dir='ltr'>Nicolaum</span> <span class='ocrx_word' id='word_1_175' title='bbox 1023 3266 1259 3350; x_wconf 87' lang='lat' dir='ltr'>Bohemum</span> <span class='ocrx_word' id='word_1_176' title='bbox 1290 3267 1513 3350; x_wconf 85' lang='lat' dir='ltr'>Notarium</span> <span class='ocrx_word' id='word_1_177' title='bbox 1544 3265 1697 3350; x_wconf 78' lang='lat' dir='ltr'>Curiae</span> <span class='ocrx_word' id='word_1_178' title='bbox 1718 3260 1892 3349; x_wconf 87' lang='lat' dir='ltr'>nostrae</span> <span class='ocrx_word' id='word_1_179' title='bbox 1911 3262 2178 3348; x_wconf 83' lang='lat' dir='ltr'>Oanonieum</span> <span class='ocrx_word' id='word_1_180' title='bbox 2197 3261 2348 3345; x_wconf 81' lang='lat' dir='ltr'>Eleale-</span> 
     </span>
     <span class='ocr_line' id='line_1_22' title="bbox 677 3384 1522 3471; baseline -0.006 -2"><span class='ocrx_word' id='word_1_181' title='bbox 677 3389 767 3471; x_wconf 85' lang='lat' dir='ltr'>siae</span> <span class='ocrx_word' id='word_1_182' title='bbox 789 3384 1060 3469; x_wconf 73' lang='lat' dir='ltr'>Visliciensie</span> <span class='ocrx_word' id='word_1_183' title='bbox 1098 3448 1101 3455; x_wconf 81' lang='grc'>.</span> <span class='ocrx_word' id='word_1_184' title='bbox 1503 3388 1522 3427; x_wconf 80' lang='grc'>’-</span> 
     </span>
    </p>
   </div>
   <div class='ocr_carea' id='block_1_5' title="bbox 785 3667 2346 3754">
    <p class='ocr_par' dir='ltr' id='par_1_8' title="bbox 785 3667 2346 3754">
     <span class='ocr_line' id='line_1_23' title="bbox 785 3667 2346 3754; baseline -0.003 -17"><span class='ocrx_word' id='word_1_185' title='bbox 785 3675 823 3754; x_wconf 63' lang='grc'>(5)</span> <span class='ocrx_word' id='word_1_186' title='bbox 847 3670 997 3737; x_wconf 82' lang='lat' dir='ltr'>Joannes</span> <span class='ocrx_word' id='word_1_187' title='bbox 1014 3671 1122 3735; x_wconf 82' lang='lat' dir='ltr'>dictus</span> <span class='ocrx_word' id='word_1_188' title='bbox 1135 3668 1224 3751; x_wconf 71' lang='lat' dir='ltr'>sura,</span> <span class='ocrx_word' id='word_1_189' title='bbox 1237 3668 1295 3754; x_wconf 88' lang='lat' dir='ltr'>qui</span> <span class='ocrx_word' id='word_1_190' title='bbox 1309 3680 1459 3738; x_wconf 85' lang='lat' dir='ltr'>mortuns</span> <span class='ocrx_word' id='word_1_191' title='bbox 1474 3680 1525 3737; x_wconf 86' lang='lat' dir='ltr'>est</span> <span class='ocrx_word' id='word_1_192' title='bbox 1540 3678 1669 3736; x_wconf 79' lang='lat' dir='ltr'>mense·</span> <span class='ocrx_word' id='word_1_193' title='bbox 1681 3667 1862 3734; x_wconf 86' lang='lat' dir='ltr'>Decembri</span> <span class='ocrx_word' id='word_1_194' title='bbox 1878 3670 1960 3741; x_wconf 73' lang='lat'>1363</span> <span class='ocrx_word' id='word_1_195' title='bbox 1979 3691 2078 3748; x_wconf 83' lang='lat' dir='ltr'>anno,</span> <span class='ocrx_word' id='word_1_196' title='bbox 2093 3667 2227 3735; x_wconf 81' lang='lat' dir='ltr'>abinoe</span> <span class='ocrx_word' id='word_1_197' title='bbox 2246 3668 2346 3733; x_wconf 88' lang='lat' dir='ltr'>docet</span> 
     </span>
    </p>
   </div>
   <div class='ocr_carea' id='block_1_6' title="bbox 490 3728 2346 3856">
    <p class='ocr_par' dir='ltr' id='par_1_9' title="bbox 490 3728 2346 3856">
     <span class='ocr_line' id='line_1_24' title="bbox 490 3728 2346 3856; baseline -0.002 -33"><span class='ocrx_word' id='word_1_198' title='bbox 490 3728 494 3735; x_wconf 28' lang='lat'>²</span> <span class='ocrx_word' id='word_1_199' title='bbox 573 3768 576 3774; x_wconf 83' lang='lat'>&#39;</span> <span class='ocrx_word' id='word_1_200' title='bbox 677 3755 975 3856; x_wconf 76' lang='lat' dir='ltr'>praeclarissimum</span> <span class='ocrx_word' id='word_1_201' title='bbox 1002 3776 1090 3839; x_wconf 87' lang='lat' dir='ltr'>opus</span> <span class='ocrx_word' id='word_1_202' title='bbox 1118 3754 1287 3840; x_wconf 75' lang='lat' dir='ltr'>„Katalog</span> <span class='ocrx_word' id='word_1_203' title='bbox 1316 3754 1491 3842; x_wconf 80' lang='lat' dir='ltr'>biskupdw</span> <span class='ocrx_word' id='word_1_204' title='bbox 1519 3751 1796 3835; x_wconf 53' lang='lat' dir='ltr'>Kakowskish’ss</span> <span class='ocrx_word' id='word_1_205' title='bbox 1826 3753 2092 3821; x_wconf 77' lang='lat' dir='ltr'>reverendissimi</span> <span class='ocrx_word' id='word_1_206' title='bbox 2116 3762 2148 3819; x_wconf 88' lang='lat' dir='ltr'>et</span> <span class='ocrx_word' id='word_1_207' title='bbox 2162 3750 2346 3820; x_wconf 80' lang='lat' dir='ltr'>doctissimi</span> 
     </span>
    </p>
   </div>
   <div class='ocr_carea' id='block_1_7' title="bbox 678 3838 1825 3939">
    <p class='ocr_par' dir='ltr' id='par_1_10' title="bbox 678 3838 1825 3939">
     <span class='ocr_line' id='line_1_25' title="bbox 678 3838 1825 3939; baseline -0.001 -33"><span class='ocrx_word' id='word_1_208' title='bbox 678 3842 830 3926; x_wconf 76' lang='lat' dir='ltr'>episcopi</span> <span class='ocrx_word' id='word_1_209' title='bbox 844 3839 1027 3939; x_wconf 82' lang='lat' dir='ltr'>Joppensis</span> <span class='ocrx_word' id='word_1_210' title='bbox 1043 3838 1204 3906; x_wconf 87' lang='lat' dir='ltr'>Ludovioi</span> <span class='ocrx_word' id='word_1_211' title='bbox 1217 3841 1414 3921; x_wconf 71' lang='lat' dir='ltr'>Letowscii,</span> <span class='ocrx_word' id='word_1_212' title='bbox 1429 3841 1516 3908; x_wconf 77' lang='lat' dir='ltr'>cont</span> <span class='ocrx_word' id='word_1_213' title='bbox 1532 3840 1572 3906; x_wconf 83' lang='grc' dir='ltr'>Τ.</span> <span class='ocrx_word' id='word_1_214' title='bbox 1582 3840 1643 3937; x_wconf 77' lang='grc' dir='ltr'>Ν,</span> <span class='ocrx_word' id='word_1_215' title='bbox 1659 3861 1737 3933; x_wconf 72' lang='lat' dir='ltr'>pag.</span> <span class='ocrx_word' id='word_1_216' title='bbox 1755 3841 1825 3905; x_wconf 82' lang='lat'>113.</span> 
     </span>
    </p>
   </div>
   <div class='ocr_carea' id='block_1_8' title="bbox 0 0 2712 6308">
    <p class='ocr_par' dir='ltr' id='par_1_11' title="bbox 0 0 2712 6308">
     <span class='ocr_line' id='line_1_26' title="bbox 0 0 2712 6308; baseline 0 0"><span class='ocrx_word' id='word_1_217' title='bbox 0 0 2712 6308; x_wconf 95' lang='lat' dir='ltr'> </span> 
     </span>
    </p>
   </div>
  </div>
 </body>
</html>
