5409 6309
1036 857 1462 944 —393-‘

424 1507 934 1599 summotae-c.
952 1507 1026 1593 lt)
1050 1508 1247 1593 mensis
1271 1508 1546 1594 danuam
1569 1508 1720 1598 1430
1747 1531 1911 1596 anno.

348 1681 537 1819 redeam
551 1673 732 1801 randum
741 1669 965 1801 enormen
985 1728 1077 1804 notu
1091 1727 1227 1801 tabem
1246 1727 1286 1801 ts
1305 1729 1469 1805 honour
1484 1730 1608 1803 llirolcc
1629 1729 1667 1803 tc
1681 1729 1804 1804 θήϊον
1823 1731 1925 1804 lacus
1945 1733 1995 1813 (¹).

450 1936 539 2022 Nos
560 1935 779 2038 Johannes
801 1937 853 2020 de
876 1935 1041 2048 Sproroc
1061 1935 1216 2040 Judex,
1240 1946 1282 2020 et
1302 1935 1527 2047 Janissyus
1545 1937 1596 2020 de
1615 1935 1868 2022 Olesclrniczc
1889 1934 1999 2022 Sub-

348 2057 474 2140 iudex
495 2055 629 2138 Terre
651 2054 999 2140 Sandomiriensis
1022 2056 1256 2167 generales,
1294 2057 1584 2141 Protestamur
1604 2057 1822 2156 uniuersis,
1844 2054 1999 2168 quibus

349 2174 520 2286 expedit
539 2175 802 2285 presencium
822 2202 896 2284 per
917 2182 1116 2258 tenorem.
1160 2171 1272 2274 Quia
1292 2175 1456 2260 Nobilis
1476 2174 1676 2260 Nicolaus
1700 2175 1749 2256 de
1774 2174 1925 2272 Ostrow
1942 2173 2000 2289 (¹)

349 2323 489 2379 coram
504 2294 665 2404 judicio
686 2293 869 2376 terrestri
888 2294 1164 2402 personaliter
1201 2295 1497 2404 comparendo,
1519 2319 1648 2376 sanus
1679 2303 1820 2376 mente
1843 2304 1886 2376 et
1908 2317 2001 2378 ccr-

346 2442 448 2524 pore
470 2415 663 2515 existens,
683 2440 768 2497 non
790 2410 1042 2519 compulsus,
1063 2439 1147 2496 non
1169 2422 1357 2517 coactus,
1385 2440 1466 2498 nec
1498 2411 1639 2523 aliquo
1662 2412 1756 2497 dolo
1780 2413 1998 2516 seductus,
2044 2506 2050 2517 .
2188 2455 2195 2462 ·

265 2624 269 2632 ,
347 2533 425 2616 sed
446 2533 498 2614 de
518 2533 630 2615 bona
652 2543 695 2615 et
714 2528 847 2614 libera
867 2557 945 2613 sua
966 2530 1181 2615 voluntate
1202 2534 1455 2642 recognouit
1472 2531 1655 2642 publice,
1687 2531 1802 2642 quod
1825 2559 1999 2615 omnem

347 2680 467 2735 suam
486 2659 650 2759 partem
670 2650 929 2753 hereditatis,
967 2674 1096 2755 quam
1134 2649 1284 2735 habuit
1318 2651 1362 2733 in
1393 2649 1557 2760 Zirnilcy
1595 2679 1690 2733 cum
1714 2651 1827 2734 omni
1838 2651 1937 2760 jure
1958 2663 2004 2733 et

346 2772 539 2870 dominio,
561 2798 744 2855 necnon
766 2798 862 2851 cum
885 2768 1078 2853 omnibus
1101 2779 1143 2850 et
1163 2770 1339 2883 singulis
1372 2768 1633 2875 utilitatibus,
1671 2770 1885 2874 censibus,
1913 2769 2000 2852 fru-

345 2892 497 2992 ctibus,
525 2889 772 2992 redditibus,
809 2885 1142 2981 obuencionibus
1177 2899 1222 2971 et
1257 2889 1497 2996 attinenciis
1532 2890 1750 2992 vuiuersis,
1787 2888 1995 2973 videlicet:

347 3011 474 3122 agris,
509 3007 654 3114 pratis,
690 3007 810 3118 gaijs,
847 3007 1024 3110 mericis,
1058 3004 1232 3113 rubetis,
1269 3006 1478 3118 virgultis,
1514 3006 1699 3117 piscinis,
1735 3005 2000 3110 molendinis,

348 3127 501 3237 fluuijs,
543 3125 678 3234 aquis,
712 3124 876 3227 riwulis,
913 3133 956 3207 et
992 3154 1198 3237 aquarum
1235 3123 1494 3229 decursibus,
1532 3153 1583 3208 ac
1620 3123 1711 3234 alijs
1749 3122 2000 3232 attinencijs,

347 3245 686 3360 quibuscumque
709 3244 902 3326 dicantur
922 3243 1173 3348 nominibus,
1196 3245 1429 3357 quemodo
1450 3243 1607 3328 ibidem
1628 3252 1729 3328 sunt
1750 3254 1792 3327 et
1812 3244 2000 3357 inposte-

344 3394 438 3448 rum
458 3362 547 3446 fieri
567 3373 757 3472 possunt,
779 3372 906 3473 prout
926 3362 1076 3445 eadem
1110 3392 1208 3473 pars
1230 3367 1272 3446 in
1292 3365 1380 3448 suis
1401 3364 1602 3448 limitibus
1624 3363 1711 3447 lata
1732 3362 1831 3478 (sic)
1853 3365 2000 3476 longe·

347 3510 431 3592 que
453 3511 504 3564 ac
526 3479 964 3566 circumferencialiter
996 3492 1061 3564 est
1092 3483 1290 3568 distincta
1313 3493 1356 3567 et
1374 3484 1564 3589 limitata,
1600 3483 1730 3567 nichil
1763 3510 1840 3592 pro
1862 3511 1910 3567 se
1929 3482 2000 3567 uel

346 3602 679 3711 consanguineis
717 3602 802 3683 suis
822 3599 978 3684 ibidem
999 3601 1165 3712 penitus
1201 3603 1471 3709 reseruando,
1506 3631 1582 3715 pro
1619 3604 1808 3687 tricentis
1845 3602 1998 3688 marcis

343 3722 574 3805 mediorum
597 3747 837 3831 grossorum
857 3722 1020 3804 numeri
1054 3720 1303 3829 polonicalis
1333 3723 1535 3808 consueti
1570 3722 1759 3806 vendidit
1779 3730 1823 3802 et
1843 3724 1885 3804 in
1904 3749 2002 3835 per·

347 3851 521 3951 petuum
542 3839 785 3949 resignauit,
820 3838 952 3924 nobili
984 3842 1151 3925 domino
1183 3842 1352 3925 Andree
1385 3842 1437 3924 de
1462 3837 1618 3925 Cronow
1641 3841 1785 3924 heredi
1808 3850 1851 3923 et
1870 3841 2002 3948 ipsius

346 3959 533 4070 legitime
552 3958 799 4067 posteritati,
819 3959 881 4042 ita
900 3969 1056 4062 tamen,
1091 3960 1206 4070 quod
1226 3961 1318 4071 ipse
1341 3961 1533 4045 dominus
1564 3961 1759 4048 Andreas
1788 3959 1875 4042 suis
1905 3986 2001 4041 cum

347 4076 662 4161 successoribus
684 4076 839 4159 dictam
859 4087 1024 4187 partem
1043 4077 1290 4162 hereditatis
1310 4081 1397 4164 iam
1418 4079 1543 4178 dicte,
1565 4086 1639 4188 sic,
1660 4086 1709 4162 ut
1727 4079 1996 4189 premittitur,

347 4195 519 4299 tenebit,
539 4193 715 4279 habebit
736 4206 779 4278 et
798 4197 841 4278 in
859 4207 1112 4309 perpetuum
1148 4199 1387 4307 possidebit
1429 4196 1609 4308 pacifice
1640 4205 1684 4281 et
1715 4199 1871 4305 quiete.
1914 4196 1996 4280 Pro

348 4343 435 4428 qua
453 4326 594 4397 tamen
614 4322 733 4425 parte
755 4316 1002 4400 hereditatis
1022 4316 1213 4426 predicte
1233 4318 1343 4402 idem
1361 4319 1401 4402 N
1404 4318 1563 4403 icolaus
1580 4316 1762 4401 eundem
1779 4314 1993 4399 dominum

347 4433 561 4518 Andream
582 4433 754 4517 debebit
771 4436 1033 4519 intercedere
1056 4444 1098 4516 et
1114 4437 1221 4519 tueri
1252 4465 1279 4517 a
1300 4435 1491 4548 qualibet
1524 4463 1709 4548 persona
1743 4438 1860 4520 iuxta
1887 4433 1994 4548 juris

453 4670 494 4753 (¹)
516 4668 568 4733 Ex
584 4666 764 4753 archetypo
780 4666 933 4734 tabularii
950 4665 1094 4754 Capituli
1108 4666 1381 4736 Vladislauiensis
1398 4693 1418 4734 a
1432 4669 1695 4758 Rzyszczevscio
1713 4678 1746 4735 et
1759 4667 2002 4735 Muczkovscio

347 4755 556 4842 descriptum.
579 4752 745 4820 Taeniolis
761 4753 1015 4820 membranaceis
1031 4775 1180 4841 appensa
1196 4764 1273 4820 sunt
1284 4755 1350 4821 duo
1368 4756 1485 4842 sigilla.
1499 4778 1638 4841 quorum
1650 4754 1788 4819 alterum
1800 4756 1931 4839 penitus
1944 4753 2000 4818 de·

346 4841 457 4914 letum,
473 4838 610 4905 alterum
629 4860 709 4903 vero
726 4860 858 4906 crucem
877 4847 1111 4927 repraesentat
1136 4837 1232 4906 Conl.
1248 4839 1393 4906 tabulam
1408 4840 1450 4908 ad
1465 4841 1551 4908 diem
1563 4843 1602 4906 15
1614 4839 1765 4910 tannarii
1775 4842 1855 4907 1424
1863 4863 2000 4929 praece·

346 4926 488 5091 dentelll
510 5010 564 5076 Dc
580 5009 666 5077 villis
682 5012 766 5076 conf.
783 5009 928 5076 tabulam
942 5010 977 5076 in
985 5008 1493 5097 arnrotetionel>¹fi¹1¹⁸¹²¹⁸¹¹¹datam
1505 5010 1563 5093 (Nn
1574 5009 1773 5093 cxcvffll‘

505 5111 587 5153 Tomos
600 5111 639 5152 ΙΙΙ.
1758 5114 1799 5181 50
