5409 6309
1046 718 1397 882 Ι--ιιιι--

283 1087 292 1102 .
415 1042 511 1101 oum
515 1004 725 1126 piscinis,
757 1004 1047 1121 quodcunque
1076 1009 1191 1091 intra
1208 1007 1363 1092 limites
1387 1007 1528 1089 dictae
1550 1006 1676 1091 villae
1698 1014 1941 1093 construere
1961 1016 2086 1119 pote

263 1162 279 1203 π
412 1135 496 1218 rint
517 1131 631 1248 (sio),
652 1139 695 1213 et
715 1127 956 1239 specialiter
986 1152 1119 1210 unum
1151 1125 1471 1210 molendinum
1457 1152 1502 1207 ιιι
1521 1124 1740 1243 praedicto
1761 1128 1891 1210 fluvio
1921 1124 2093 1241 leslo·

413 1278 482 1335 cra
502 1251 765 1338 constituent
784 1274 860 1356 pro
882 1273 961 1330 sua
980 1245 1165 1328 utilitate
1187 1254 1277 1326 tam
1294 1243 1452 1359 (sio)
1419 1270 1510 1325 smo
1529 1245 1788 1354 praeiudicio
1810 1242 1987 1328 aliarum
2007 1243 2087 1330 vil-

411 1368 545 1453 larum
568 1391 935 1477 quarumcunque.
979 1365 1088 1447 Item
1108 1372 1300 1446 mensa‘m
1320 1390 1500 1475 panum,
1523 1376 1712 1445 mensam
1735 1363 1945 1467 carnium,
1965 1364 2086 1446 men-

411 1514 503 1572 sam
534 1512 733 1597 sucorum
754 1491 798 1566 ιι
818 1511 949 1566 unum
984 1480 1152 1565 fabrum
1174 1509 1227 1562 ac
1234 1480 1356 1586 alias
1395 1504 1543 1564 omnes
1580 1480 1803 1583 utilitates,
1840 1508 1950 1590 quas
1987 1476 2085 1565 ante

409 1605 545 1715 ipsius
565 1586 689 1688 villae
708 1601 863 1685 limites
883 1603 1003 1683 iuxta
1025 1600 1157 1682 dicti
1145 1602 1247 1711 ruris
1268 1596 1527 1685 Theutonici
1558 1598 1817 1710 exigentiam
1847 1596 1989 1701 lacere
2008 1625 2087 1708 po-

410 1731 554 1806 terunt
556 1748 663 1831 ,pro
685 1746 764 1803 sua
795 1719 1082 1802 melioratione
1114 1719 1204 1798 sine
1235 1726 1379 1801 nostro
1415 1717 1676 1825 praeiudicio
1699 1723 1743 1798 et
1764 1692 1919 1799 damno
1955 1716 2085 1802 libere

409 1784 618 1924 tenebrlnt
654 1846 698 1922 et
680 1837 951 1922 thabebunt
972 1830 1026 1918 ιιι
1045 1843 1192 1920 nostra
1228 1832 1369 1945 gratia
1404 1833 1689 1944 specialit
1649 1833 1757 1918 Item
1791 1858 1870 1945 pro
1902 1835 2111 1923 ecclesia,
2214 1864 2218 1873 ·

412 1956 552 2042 diotae
589 1958 716 2041 villae
754 1957 860 2042 duos
895 1981 1066 2038 mansos
1102 1952 1325 2035 liberoset
1308 1963 1422 2061 tpro
1443 1954 1615 2062 pascuis
1649 1949 1965 2057 communibus,
1997 1955 2085 2037 sive

410 2077 609 2186 pellendo
646 2104 799 2186 grege,
836 2098 947 2183 quae
983 2072 1217 2184 vulgariter
1247 2071 1469 2154 sctotcrozc
1503 2073 1754 2175 nominatur,
1787 2071 1894 2153 duos
1914 2098 2086 2159 mansos

389 2196 564 2287 ⁸liberos
586 2197 868 2305 assignamus,
888 2191 1116 2274 ecclesiam
1136 2190 1402 2298 praedictam
1424 2186 1522 2302 (sic)
1560 2187 1743 2273 Sculteti
1764 2198 1931 2274 ιιιιιιιιιι
1955 2189 2085 2274 dena·
2183 2252 2184 2263 ι

339 2382 344 2392 .
409 2315 520 2397 rium
541 2339 693 2395 census
716 2319 759 2394 et
779 2313 952 2393 tertium
974 2309 1197 2399 denarium
1214 2306 1380 2416 iudicij,
1413 2308 1579 2393 duobus
1611 2290 1763 2391 tamen
1776 2334 1852 2447 pro
1873 2307 1998 2392 nobis
2018 2339 2085 2392 re·
2138 2322 2142 2329 '

410 2432 610 2532 servatis,
632 2430 688 2510 do
709 2453 967 2540 quacunque
987 2454 1032 2508 re
1054 2428 1244 2510 iudicata
1279 2426 1534 2535 percipient,
1571 2452 1657 2534 que
1689 2428 1830 2511 omnia
1849 2434 1894 2511 'et
1915 2428 2085 2557 singula
2140 2460 2144 2465 ·

211 2632 216 2641 ,
251 2572 255 2581 ’
409 2547 466 2632 ab
489 2545 684 2633 omnibus
708 2556 749 2629 et
771 2545 948 2656 singulis
978 2543 1265 2631 solutionibus
1295 2546 1512 2655 perpetuis
1542 2543 1805 2654 temporibus
1827 2548 1957 2653 saepe
1980 2548 2085 2631 dicti

275 2746 279 2751 ,
411 2666 591 2753 Sculteti
611 2663 819 2753 tenebunt
841 2674 884 2745 et
902 2661 1186 2773 possidebunt
1205 2664 1341 2747 libera
1362 2680 1406 2745 et
1427 2661 1570 2747 soluta
1591 2691 1688 2747 cum
1709 2672 1925 2772 potestate
1946 2665 2085 2775 ipsam

335 2782 339 2793 ’
409 2783 664 2869 Soultctiam
699 2780 931 2885 vendendi,
969 2781 1175 2886 donandi,
1206 2781 1454 2892 possidendi
1474 2790 1518 2860 et
1540 2785 1830 2866 commutandi
1850 2791 1998 2866 nostra
2017 2792 2085 2865 ta-

332 2998 337 3007 ,
407 2929 506 2983 men
527 2926 604 2983 sau
622 2910 861 2984 nostrorum
898 2906 1195 2983 successorum
1230 2899 1451 2985 voluntate
1474 2900 1529 2981 ad
1550 2899 1633 2983 hoc
1654 2902 1847 3009 primitus
1878 2902 2090 3007 requisita⁵
2155 2970 2157 2975 .
2300 2924 2311 2935 “

410 3027 453 3101 ιι
473 3019 665 3103 οιιιιιιιι.
716 3018 768 3101 In
788 3032 831 3099 et
852 3045 981 3127 super
1001 3019 1055 3099 de
1077 3017 1225 3127 gracia
1259 3025 1407 3100 nostra
1441 3016 1633 3124 speciali,
1670 3022 1719 3100 ut
1744 3017 1916 3127 sylvam
1960 3019 2084 3103 citius

406 3139 573 3247 possint
595 3135 802 3244 extirpare
825 3136 932 3219 duos
955 3135 1150 3218 denarios
1170 3135 1315 3243 iudicij
1335 3163 1412 3243 pro
1432 3133 1563 3221 nobis
1576 3144 1815 3220 reservatos
1849 3134 1902 3216 de
1932 3136 2083 3243 poenis

352 3290 358 3294 ·
406 3254 551 3365 parvis
582 3253 837 3391 saepedictis
871 3252 993 3338 Scult
994 3253 1073 3336 etis
1094 3281 1170 3361 pro
1194 3251 1385 3337 subsidio
1405 3252 1514 3335 infra
1536 3282 1668 3338 annos
1689 3253 1896 3338 libertatis
1929 3280 2084 3337 conce-

407 3371 546 3456 dimus
581 3366 897 3482 percipiendos,
918 3380 1020 3481 post
1039 3398 1174 3455 annos
1196 3398 1297 3456 vero
1318 3369 1549 3477 libertatis,
1584 3373 1791 3482 praedicti
1813 3372 1903 3454 duo
1920 3371 2081 3483 denarij

406 3490 462 3575 ad
492 3488 683 3574 no'strum
724 3489 1059 3574 Thesaurarium
1098 3482 1377 3574 remittentur.
1429 3490 1520 3600 Ipsi
1549 3517 1650 3575 vero
1673 3489 1854 3576 Sculteti
1874 3497 1917 3570 et
1938 3516 2082 3576 eorum

397 3614 677 3705 ,successores
696 3607 832 3695 nobis
855 3617 898 3692 ιι
918 3609 1072 3692 nostris
1109 3608 1429 3727 successoribus
1463 3609 1627 3693 ratione
1665 3610 1806 3692 dictae
1842 3577 2082 3717 scultetiae,

404 3724 449 3807 in
472 3752 583 3834 equo
605 3754 681 3810 sex
701 3755 940 3812 marcarum
963 3756 1060 3809 cum
1080 3753 1168 3808 una
1189 3736 1283 3811 asta
1313 3738 1442 3836 prout
1463 3728 1610 3810 decem
1633 3724 1737 3838 (sic)
1768 3729 1826 3811 ad
1847 3725 2100 3840 quamlibet¹
2262 3814 2267 3823 ,

406 3844 720 3954 expeditionem
741 3849 897 3930 serviro
918 3846 1005 3931 sint
1026 3845 1201 3928 astricti.
1255 3845 1516 3945 Omethones
1549 3871 1724 3963 quoque
1757 3841 1936 3959 singulis
1960 3848 2081 3933 annis

404 3961 580 4046 infesto
617 3961 662 4047 8
685 3962 856 4047 Μιιιιιιι
891 3973 988 4048 octo
964 3971 1188 4047 osouttos
1226 3963 1325 4076 (sic)
1363 3992 1606 4078 grossorum
1630 3956 1681 4046 de
1705 3964 1899 4075 quolibet
1928 3992 2079 4052 manso

405 4078 569 4163 ratione
592 4108 758 4185 census,
778 4110 854 4193 pro
879 4084 1045 4166 decima
1065 4106 1167 4165 vero
1189 4081 1272 4167 fert
1254 4090 1395 4167 otnem
1418 4109 1663 4196 grossorum
1699 4084 1864 4170 solvere
1902 4092 2080 4167 tenean-

405 4205 487 4281 tur
538 4197 718 4309 Insuper
754 4199 875 4285 Scult
878 4204 934 4283 eti
956 4209 998 4284 et
1019 4188 1280 4286 Omethones
1316 4203 1538 4287 memorati
1568 4202 1705 4284 term
1736 4229 1866 4306 anno,
1905 4202 2079 4310 quando

405 4314 608 4436 iudicium
629 4318 828 4429 generale
851 4328 1101 4403 consuetum
1120 4344 1163 4400 es
1166 4317 1429 4425 tcelebrare‚
1445 4321 1637 4402 nuntium
1652 4330 1843 4404 nostrum
1862 4320 2079 4428 recipient,

346 4486 348 4493 ·
407 4435 482 4521 ιι
469 4462 514 4515 ιιι
536 4462 769 4544 expensum
803 4434 1000 4520 videlicet
1037 4434 1217 4520 Sculteti
1251 4439 1383 4521 semel
1415 4448 1457 4521 et
1478 4437 1604 4555 Curet
1587 4437 1738 4522 thones
1774 4438 1841 4523 bis
1863 4439 2111 4537 decenter

406 4556 708 4663 procurabunt,
744 4560 818 4634 aut
832 4580 908 4663 pro
926 4554 1119 4660 quolibet
1137 4557 1315 4663 prandio
1337 4585 1468 4639 unum
1489 4555 1695 4640 fertonem
1716 4584 1963 4669 grossorum
1982 4585 2079 4668 per·
2099 4588 2104 4595 ’

406 4668 593 4776 solvent,
628 4677 851 4782 praeterea
887 4669 1150 4755 absolvimus
1182 4674 1450 4795 saepedictos
1485 4674 1719 4782 scultetos,
1741 4698 2013 4763 successores
2035 4686 2078 4761 et

405 4784 616 4873 familias
604 4816 792 4905 rpsorum
814 4797 857 4871 et
876 4788 1037 4873 incolas
1074 4784 1348 4898 saepedictae
1383 4788 1510 4876 villae
1530 4790 1587 4875 ab
1609 4738 1808 4879 omnibus
1843 4796 2010 4882 iudiciis
2032 4806 2076 4880 et

400 4900 700 5019 potestatibus,
731 4907 1020 5011 Palatinorum
1052 4909 1393 5051 Castellanorum
1423 4908 1628 4994 Judicum
1659 4921 1704 4996 et
1732 4913 2013 5021 Subiudicum
2033 4924 2077 4998 ct

1668 5056 1673 5060 ,
1869 5038 1981 5115 33*
