5409 6309
1272 1156 1672 1243 Aufidum-lm
1689 1174 1804 1219 une·

818 1338 931 1422 (Aliud
945 1349 995 1406 est
1011 1338 1226 1428 apographon
1242 1340 1416 1493 privilegii,
1437 1296 1502 1425 jam
1524 1339 1651 1405 anobis
1668 1337 1763 1439 typis
1785 1337 1911 1404 exarati
1931 1360 2040 1439 supra,
2063 1338 2096 1404 in
2119 1336 2243 1407 codice
2265 1339 2360 1429 hujus

715 1424 811 1492 Tomi
1271 1449 1312 1492 oc
1328 1449 1407 1492 vero
1423 1424 1579 1492 lectiones
1607 1435 1770 1490 variantes
1784 1433 1819 1488 et
1833 1445 1941 1510 magni
1963 1434 2061 1491 etiam
2076 1425 2230 1495 momenti
2247 1424 2359 1510 habet3

712 1511 797 1579 hanc
813 1451 855 1578 ol
870 1510 1028 1578 causami
1103 1511 1172 1577 hoc
1187 1509 1262 1577 loco
1279 1511 1462 1598 repetimus.
1500 1508 1686 1577 Omittimus
1717 1504 1853 1587 initium,
1882 1506 1969 1593 quod
1983 1508 2088 1577 lector
2102 1511 2245 1578 invenire
2260 1533 2359 1600 supra

607 1686 610 1691 ἱ
638 1634 640 1645 1
713 1604 825 1685 potest
838 1596 859 1660 1.
873 1620 913 1680 o.‚
931 1606 1049 1683 postea
1063 1618 1141 1662 vero
1157 1606 1336 1680 sequnntur
1349 1596 1519 1678 verbus...)

850 1450 903 1513 ag.
918 1426 969 1490 33.
1005 1426 1036 1493 A
1063 1449 1083 1490 o
1108 1424 1232 1511 raphon

818 1764 1106 1853 ...Occasione
1123 1767 1493 1878 durispatronatus
1515 1770 1604 1855 sive
1623 1767 1919 1879 possessionis,
1939 1767 2006 1852 vel
2027 1769 2150 1876 quasi
2171 1769 2359 1851 eiusdem

713 1887 829 1973 duris
846 1889 1037 1992 decimis,
1054 1915 1105 1972 ex
1119 1889 1226 1972 villis
1244 1919 1329 1999 que
1345 1899 1444 1972 sunt
1459 1890 1557 1971 sitta
1574 1886 1671 2001 (sic)
1688 1915 1765 1970 seu
1778 1886 1917 1970 locate
1935 1896 1978 1969 et
1991 1887 2189 1996 contigue
2210 1886 2359 1972 Mona-

710 2010 838 2093 sterio
859 2007 1048 2091 eiusdem
1070 2006 1223 2090 domini
1240 2007 1443 2109 Abbatis,
1465 2032 1641 2119 quarum
1660 2016 1764 2088 sunt
1777 2002 1865 2088 hec
1883 2004 2066 2090 nomina:
2101 2003 2235 2115 (prior
2256 2007 2359 2090 olias

714 2125 823 2208 Gora
843 2128 978 2210 sancti
998 2125 1028 2210 J
1031 2116 1225 2230 ohannis,
1266 2125 1523 2236 Pobrzoatyo,
1546 2124 1821 2237 Dabropa'ero,
1854 2122 2141 2222 Abramooicre,
2187 2124 2358 2211 (ἐφυετο.

577 2234 579 2247 ξ
706 2271 808 2345 occa,
833 2244 1028 2347 Godoza,
1059 2245 1313 2358 Podporzoop
1348 2255 1391 2327 et
1421 2244 1631 2354 Smykony,
1665 2254 1708 2326 et
1740 2243 1934 2343 omnibus
1961 2242 2051 2352 ulijs
2071 2245 2126 2325 ad
2147 2242 2357 2354 prefatum

710 2364 1010 2448 Monasterium
1040 2363 1360 2473 pertinentibus.
1422 2363 1675 2467 statuimus,
1712 2362 1937 2445 diffinimus
1950 2365 2001 2446 ‘et
2019 2364 2291 2473 precipimus,
2313 2374 2359 2445 ut

711 2484 849 2567 dictus
867 2482 1021 2568 Comes
1038 2482 1257 2569 Sdislouus
1279 2484 1420 2566 claves
1438 2494 1481 2565 et
1496 2478 1753 2566 Ornamenta
1771 2482 1904 2590 ipsius
1919 2480 2113 2565 Ecclesia
2134 2485 2225 2567 sine
2240 2508 2358 2567 mora

708 2604 799 2712 ipso
833 2603 1000 2687 domino
1031 2600 1192 2685 Abbati
1222 2599 1471 2715 (r)estituat,
1501 2601 1592 2686 Nec
1613 2603 1665 2683 de
1687 2612 1825 2689 cetero
1846 2628 1921 2710 per
1942 2629 1987 2684 se
2009 2602 2075 2686 vel
2093 2630 2169 2712 per
2188 2629 2358 2684 sncces-

709 2746 826 2805 sores
846 2748 960 2822 suos,
978 2720 1165 2831 prefatos
1185 2720 1400 2806 Abbatem
1423 2735 1466 2804 et
1483 2720 1751 2807 Conventum
1773 2747 1903 2830 super
1918 2718 2270 2829 Jurepatronutus
2290 2720 2358 2803 vel

709 2840 881 2924 decimis
901 2839 1095 2926 villarum
1130 2868 1259 2952 supra
1293 2842 1619 2939 nominatarum,
1649 2840 1716 2923 vel
1738 2838 1863 2952 quasi
1897 2840 2050 2949 ipsius,
2087 2838 2356 2925 ordinacione

581 3052 585 3069 ¹
707 2958 838 3068 ipsius
873 2959 1066 3044 Ecclesia
1104 2961 1295 3064 decimis,
1330 2958 1399 3042 vcl
1434 2958 1560 3042 rebus
1592 2958 1681 3070 alijs
1715 2959 1770 3041 ad
1798 2958 1929 3069 ipsius
1960 2957 2259 3043 Monosterium
2280 2972 2357 3042 aut

707 3078 946 3163 Ecclesiam
978 3080 1063 3164 iam
1102 3080 1258 3164 dictam
1293 3077 1622 3188 pertinentibus,
1651 3078 1870 3164 molestare
1901 3104 1978 3160 seu
2007 3078 2242 3185 inquietare
2263 3106 2358 3189 pre·

705 3208 881 3281 sumat.¹
910 3196 1115 3283 Volumus
1145 3208 1287 3283 autem
1309 3206 1352 3280 et
1373 3199 1614 3283 ordinamus
1644 3198 1815 3308 proptor
1845 3194 2008 3281 bonum
2032 3200 2152 3307 pacis
2185 3206 2228 3280 et
2259 3225 2358 3283 con·

706 3318 866 3420 cordie,
887 3326 937 3400 ut
955 3317 1143 3427 prefatus
1174 3318 1327 3403 Oomes
1361 3315 1550 3402 Sdislaus
1572 3314 1781 3425 prefatum
1801 3314 2015 3399 Abbatem
2035 3324 2223 3400 etenum
2246 3316 2357 3404 Ocn-

705 3446 877 3518 ventum
898 3444 943 3517 et
960 3438 1227 3522 successores
1263 3463 1363 3523 suos
1399 3437 1572 3521 heredes
1609 3445 1653 3517 et
1688 3440 1826 3547 ipsum
1861 3434 2164 3521 Monastorium
2200 3436 2357 3519 debeat

704 3563 920 3664 reputare,
942 3562 985 3638 ct
1015 3567 1220 3667 tanquam
1256 3555 1482 3639 heredibus
1517 3555 1719 3641 honorem
1750 3555 1958 3639 exhibere.
2020 3555 2116 3639 Hoc
2141 3558 2285 3639 ‘omnia
2314 3559 2357 3638 in

704 3676 858 3758 virtute
898 3672 1137 3758 duramenti
1177 3674 1232 3758 ab
1272 3687 1454 3782 utraque
1489 3683 1608 3784 parte
1643 3676 1686 3756 in
1719 3675 1914 3759 manibus
1956 3673 2112 3758 domini
2131 3672 2185 3756 R·
2202 3673 2255 3788 (⁹)
2288 3674 2355 3758 dei

705 3794 853 3903 gracia
899 3790 1155 3879 Gnesnensis
1201 3792 1520 3904 Archiepisoopi
1567 3794 1821 3904 precipimus
1871 3802 2076 3904 perpetuo
2127 3790 2354 3878 observari

704 3911 861 3992 Actum
891 3910 1014 3997 Anno
1046 3913 1202 3997 domini
1231 3912 1455 3997 Millesimo
1485 3910 1788 4003 Ducentesimo
1819 3913 2052 3997 Tricesimo
2088 3921 2252 3998 cctam.
2286 3914 2354 3997 ·ln

704 4031 959 4116 Monasterio
1000 4030 1230 4117 Andrzoiow
1262 4034 1306 4114 in
1336 4030 1549 4115 caminata
1589 4031 1814 4143 hospitum.
1847 4032 2167 4117 'Presontibus
2184 4030 2355 4115 abbate

704 4147 892 4233 eiusdem
926 4150 1028 4255 loci,
1063 4161 1107 4234 ot
1142 4150 1325 4254 Renero,
1358 4161 1402 4235 et
1432 4149 1657 4257 Warnero,
1688 4164 1733 4237 et
1762 4150 2031 4236 Theodorico
2061 4152 2280 4236 monachis
2312 4161 2356 4235 et

704 4267 809 4378 alijs.

804 4503 848 4584 (²)
867 4502 973 4573 idest
987 4503 1153 4581 Falconis,
1169 4503 1226 4588 qui
1240 4502 1509 4593 archiepiscopus
1524 4507 1585 4576 luit
1599 4508 1641 4581 ab
1654 4528 1682 4575 a
1698 4505 1782 4587 1232
1794 4516 1828 4577 et
1842 4516 2056 4577 norrenses
2066 4504 2122 4575 die
2132 4505 2353 4593 ora-Aprilis,

702 4586 886 4654 Lanciorae.
956 4670 960 4675 ,
1014 4662 1016 4683 2
1081 4650 1083 4659 ,
