5409 6309
1382 833 1663 908 ..990-

686 1058 873 1134 nostram
914 1069 1051 1127 novae
1092 1036 1351 1121 fundationis
1369 1035 1417 1117 in
1438 1033 1629 1121 Shuwim
1660 1026 1716 1145 (’)Ι
1745 1034 1790 1115 in
1820 1031 1944 1117 metis
1982 1032 2144 1119 Terrae
2183 1042 2359 1123 nostrae

688 1162 983 1252 Oracoviensis
1004 1170 1047 1243 et
1067 1156 1265 1242 Incolae
1254 1184 1298 1238 ιιι
1320 1183 1375 1237 ea
1393 1154 1601 1265 degentes
1622 1180 1700 1261 pro
1722 1153 2063 1239 corsolatione‘
2044 1156 2262 1264 rpso'rum',
2286 1159 2360 1268 qui

687 1311 771 1394 pro
783 1291 884 1364 tunc
905 1280 1067 1389 inipso
1096 1274 1252 1359 fuerint
1278 1272 1484 1384 speciali
1473 1302 1517 1354 ιιι
1538 1297 1615 1354 suo
1638 1270 1744 1356 Jure
1766 1269 1912 1352 debite
1929 1270 2108 1355 limitato
2130 1299 2359 1358 consewa
2437 1286 2447 1309 ⁸

562 1472 564 1477 .
686 1429 732 1486 ra
752 1400 964 1500 volenter,
991 1397 1183 1506 gratiose
1215 1416 1382 1475 exnunc
1403 1389 1486 1475 Jus
1509 1389 1825 1473 Thoutonicum
1844 1388 1962 1500 quod
1983 1386 2366 1503 Mayldeburgense'

688 1519 852 1619 dicitu,
872 1541 960 1626 quo
983 1513 1146 1624 gaudet
1168 1510 1331 1596 Civitas
1353 1517 1500 1593 nostra
1520 1507 1837 1606 Oraaoviensis,
1871 1535 1968 1588 cum
1989 1507 2159 1595 Lancia
2168 1508 2377 1595 Franco--

676 1637 794 1721 nicia
815 1579 990 1717 ibidem
987 1630 1309 1733 mensurandis,
1342 1626 1493 1710 damus
1525 1627 1686 1709 eisdem
1716 1624 1931 1735 perpetuis
1963 1627 2225 1736 temporibus
2255 1627 2360 1712 inibi

614 1816 617 1831 .
689 1756 956 1854 duraturum,
992 1748 1277 1833 Removentee
1312 1744 1471 1830 ibidem
1508 1749 1649 1830 omnia
1684 1742 1794 1825 dura
1828 1742 2106 1847 Polonicalia,
2143 1747 2291 1832 modos
2313 1757 2368 1828 et·

688 1878 866 1957 consuet
849 1870 1015 1951 tudines
1051 1868 1293 1969 universas,
1331 1892 1445 1972 quae
1479 1867 1618 1973 ipsum
1649 1860 1730 1944 Jus
1753 1862 2069 1946 Theutonicum
2104 1865 2357 1973 perturbare

689 1996 1011 2075 consueverunt.
1063 1985 1294 2069 Eximimus
1330 1984 1502 2091 insuper
1523 1990 1565 2064 et
1584 1990 1788 2090 perpetuo
1824 1981 2055 2066 liberamus
2075 1981 2360 2090 Advocatum,

691 2108 919 2209 Consules,
961 2102 1172 2188 Scabinos
1195 2114 1238 2184 et
1258 2129 1403 2186 omnes
1423 2098 1592 2184 Incolae
1625 2099 1822 2185 Civitatis
1843 2109 2015 2183 nostrae
2035 2102 2280 2209 praedictae
2300 2104 2358 2186 ab

575 2246 583 2257 ·
691 2225 887 2310 omnibus
929 2221 1128 2324 Jun'b‘us,
1170 2219 1568 2321 durisdictionibus,
1610 2218 1898 2327 potestatibus
1920 2222 2131 2328 et'poenis
2154 2222 2360 2324 'omnium

624 2395 626 2405 ·
689 2343 997 2445 Palatinorum,
1035 2339 1392 2442 Castellanorum,
1428 2335 1652 2441 dudicum,
1691 2335 1971 2422 Subiudicum
2002 2336 2143 2449 Regni
2163 2340 2311 2443 nostri
2318 2351 2366 2421 et
2503 2406 2509 2419 .

577 2567 580 2573 ⁵
689 2459 1024 2546 Mirristerialium
1062 2458 1312 2561 eorundem,
1341 2458 1405 2539 ita
1436 2456 1553 2573 quod
1574 2481 1717 2539 coram
1737 2457 1855 2567 ipsis·
1852 2455 1930 2538 ¹vel
1954 2484 2099 2540 eornm
2120 2456 2279 2568 ¹aliquo
2275 2485 2364 2566 pro

691 2578 1021 2689 quibuscunque
1042 2576 1198 2662 Caunis
1219 2586 1307 2658 tam
1329 2576 1498 2686 magnis
1522 2601 1663 2682 quam
1673 2574 1835 2683 parvis,
1855 2580 1975 2683 puta:
1994 2572 2106 2679 finti,
2126 2578 2367 2687 sanguinis,
2424 2570 2427 2573 ’

692 2699 919 2806 homicidy,
934 2695 1137 2834 ‘incendy,
1157 2674 1445 2799 membrorum
1476 2693 1829 2797 mutilationibus,
1852 2701 1895 2774 et
1914 2694 2008 2802 alys
2030 2693 2363 2805 quibuscunque·

693 2817 824 2916 citati,
845 2815 1014 2903 minime
1036 2812 1317 2923 respondere,
1338 2822 1416 2894 aut
1434 2812 1603 2921 aliquas
1625 2836 1789 2920 poenas
1809 2812 1970 2894 solvere
1991 2811 2267 2914 tenebuntur,
2280 2812 2365 2901 sed.

691 2943 860 3017 tantum
881 2931 1053 3014 Incolae
1076 2959 1219 3014 coram
1240 2931 1485 3032 Advocato,
1507 2927 1786 3031 Consulibus,
1818 2927 2016 3013 Scabinis
2036 2931 2221 3039 ipsorum
2242 2928 2359 3015 civi-

621 3048 647 3079 ⁶
692 3052 791 3144 tatis
806 3046 1297 3162 Oivitatis(sic)nostrae
1318 3045 1657 3156 praefatae,.qui
1676 3074 1752 3156 pro
1773 3056 1969 3157 tempore,
1981 3046 2145 3152 firerint,
2161 3047 2362 3133 Advoca-

690 3179 758 3261 tus
780 3163 1144 3269 veracensules,
1162 3164 1339 3250 Scabini
1358 3174 1617 3247 memoratae
1639 3176 1810 3248 nostrae
1843 3165 2039 3250 Civitatis
2061 3194 2203 3268 coram
2226 3165 2361 3269 nobis,

693 3287 791 3367 dum
812 3294 956 3365 tamen
976 3311 1054 3392 per
1072 3284 1234 3367 literam
1258 3293 1450 3366 nostram
1470 3284 1637 3366 evocati
1657 3281 1831 3385 fuerint,
1851 3294 1954 3367 tunc
1977 3285 2028 3368 de
2044 3312 2090 3366 se
2107 3284 2360 3396 quaenrlan·

635 3470 639 3479 .
691 3402 806 3484 tibus
827 3426 905 3483 suo
925 3400 1195 3484 nihilominus
1218 3401 1250 3485 d
1252 3430 1328 3484 ure
1351 3400 1589 3484 Teutonico
1621 3399 1983 3512 Maydeburgensi
2003 3403 2259 3512 respondere
2279 3405 2363 3486 sint

693 3519 898 3603 adstricti.
949 3518 1001 3600 Ιιι
1023 3486 1175 3602 Caucis
1212 3532 1286 3603 aut
1290 3549 1382 3601 em
1369 3509 1692 3619 Criminaljhus
1714 3528 1758 3602 et
1779 3529 1896 3628 capit
1866 3521 2032 3604 'talibus
2064 3524 2257 3629 superius
2289 3549 2360 3603 ex·

690 3639 869 3748 pressis,
905 3634 1152 3741 Advocat0,
1190 3637 1386 3723 Scabinis
1411 3620 1455 3718 et
1474 3622 1754 3722 Consulibus
1767 3637 1963 3723 Civitatis
2000 3649 2173 3724 nostrae
2192 3639 2360 3749 praedi·

692 3766 787 3838 ctae
813 3753 1088 3843 Seavinensis
1105 3756 1338 3859 iudicandi,
1361 3766 1457 3837 sent
1440 3756 1723 3854 tentionandi,
1754 3758 2066 3840 condemnandi
2086 3766 2129 3840 et
2148 3757 2358 3867 puniendi,

691 3874 865 3984 plenam
896 3882 939 3953 ct
970 3872 1253 3957 omnimodam
1295 3817 1570 3959 obrrcedimus
1611 3817 1900 3978 facultatem,
1929 3891 2058 3985 pront
2098 3878 2236 3985 ipsum
2276 3874 2358 3958 dus

662 3992 1007 4099 ‘Theutonicum
1049 3991 1454 4131 Maydeburgense
1443 4019 1487 4073 ιιι
1508 3991 1703 4074 omnibus
1740 3997 1826 4075 suis
1864 3994 2063 4079 clausulis
2096 4004 2194 4113 post
2177 3995 2287 4087 tulat
2303 4006 2366 4135 ὅθι
2472 4052 2480 4065 =

693 4090 881 4218 requirit
934 4104 1063 4194 Praet
1046 4119 1163 4192 terea
1198 4110 1425 4217 statuimus
1447 4120 1495 4192 ut
1479 4108 1568 4193 ted
1547 4094 1787 4199 nomnibus
1823 4110 1982 4195 Lancia
2020 4094 2247 4224 quicquid
2258 4096 2360 4223 (sic)
2431 4169 2435 4175 .

692 4229 949 4314 habuerint
938 4240 1049 4312 rntra
1067 4230 1220 4313 limites
1258 4231 1399 4311 dictae
1427 4224 1610 4312 Civitat
1583 4239 1654 4332 trs,
1691 4228 1892 4314 videlicet
1913 4230 1967 4313 ab
1990 4233 2072 4314 ista
2093 4242 2216 4340 parte
2244 4231 2363 4341 fluvy

510 4319 528 4351 ⁰
570 4424 573 4429 .
692 4348 794 4435 dicti
811 4346 1008 4443 staram
1025 4374 1174 4433 versus
1197 4346 1450 4447 Cracoviam
1470 4374 1547 4454 per
1567 4348 1754 4433 mediam
1782 4377 1969 4445 maroam
1989 4349 2179 4437 Polonici
2200 4353 2360 4435 numeri

691 4471 854 4553 ratione
890 4465 1058 4553 Census
1093 4466 1217 4555 nobis
1241 4476 1285 4551 et
1304 4467 1461 4569 nostris
1484 4463 1833 4572 successoribus,
1848 4469 2017 4557 ratione
2050 4494 2149 4553 vero
2172 4466 2363 4573 decimae

692 4610 768 4669 sax
788 4593 930 4668 scotos
951 4612 1194 4723 grossorum
1226 4585 1513 4697 Pragensiunr
1540 4585 1723 4697 singulis
1750 4589 1874 4677 aunis
1893 4587 1938 4669 in
1957 4586 2084 4681 Festo
2105 4585 2231 4675 Beati
2250 4567 2363 4671 Mar-

692 4703 769 4785 tini
791 4699 1075 4844 confessoris,
1098 4733 1168 4788 cru
1156 4705 1241 4789 de
1262 4704 1372 4791 dure
1392 4702 1640 4809 debuerint,-
1650 4704 1826 4811 solvere
1848 4704 1934 4792 sint
1954 4706 2186 4793 ιιιιειιίιιιί.Ι
2209 4698 2277 4791 Ab
2295 4705 2365 4797 al

797 4958 835 5039 (²)
861 4956 1020 5067 Skatrina,
1037 4960 1194 5046 oppidum
1210 4948 1401 5048 parochiale
1417 4964 1450 5028 in
1467 4963 1689 5033 cracoviensi
1699 4964 1918 5052 nffi'onaju
1929 4987 1968 5031 ιι
1982 4966 2075 5033 latu.
2138 4920 2143 4929 Ι
