5409 6309
673 1337 680 1403 p
727 1335 730 1339 .

1439 1209 1610 1328 CCXX.

772 1479 842 1560 lu
871 1470 1083 1576 oppido
1108 1469 1280 1573 Noton
1305 1467 1609 1575 Socer-dte
1634 1467 1717 1555 20
1741 1466 1887 1573 lull}
1911 1464 2063 1556 1404
2090 1487 2256 1553 auno.

690 1697 892 1774 Paulus
912 1691 1082 1768 dvorsus
1102 1687 1326 1762 merolianus
1347 1687 1547 1762 Sulcensis
1560 1689 1655 1763 rtllu
1669 1690 1844 1758 Minnica
1864 1690 1898 1762 et
1919 1687 2072 1758 ctam
2095 1687 2205 1779 unua
2228 1688 2350 1766 arun

1141 1792 1342 1885 tichojm
1355 1793 1510 1868 bubuco
1524 1791 1668 1866 mutat
1680 1793 1831 1884 psrnttttt
1845 1796 1895 1876 (¹).

793 2011 845 2096 In
866 2007 1032 2091 nomine
1053 2003 1224 2088 Domini
1245 2002 1393 2086 Amen.
1424 2002 1611 2112 Expedit
1631 2011 1674 2084 et
1691 2011 1975 2114 opportunum
1999 2012 2073 2107 est,
2094 2011 2144 2087 ut
2166 2004 2348 2112 quisque

691 2130 974 2217 haereditates
996 2150 1095 2206 suas
1116 2124 1357 2208 nemoribus
1379 2151 1430 2205 ac
1450 2122 1581 2232 sylvis
1605 2125 1802 2226 consitas,
1823 2124 2004 2207 necdum
2043 2123 2244 2227 excultae,
2281 2150 2350 2208 so·

688 2249 941 2336 lertibus'ac
962 2242 1189 2353 fidedignis
1225 2243 1324 2327 viris
1366 2243 1508 2325 nodat
1551 2243 1835 2352 extirpandas3
1868 2241 2050 2328 Proinde
2088 2270 2169 2353 ego
2192 2241 2347 2326 Paulus

689 2372 938 2456 Advocatus
958 2361 1236 2447 hereditarius
1259 2359 1541 2446 Sandccensis
1564 2363 1680 2447 villas
1699 2358 1920 2446 Merulm'cu
1937 2371 1981 2444 et
1998 2357 2192 2446 Cr'eaiowo
2213 2364 2347 2447 dictas
2466 2425 2472 2438 .

793 2573 835 2654 (¹)
856 2563 1084 2653 Apographon
1098 2563 1196 2650 hujus
1212 2562 1385 2652 privilegii.
1403 2584 1460 2627 seu
1474 2562 1585 2647 potius
1601 2562 1739 2638 oblatae,
1747 2561 1781 2627 in
1796 2572 1905 2630 castro
1916 2561 2123 2632 Sandecensi
2138 2586 2167 2627 a.
2185 2565 2265 2630 1611
2280 2563 2351 2631 fao·

691 2670 758 2736 tae,
771 2650 970 2737 transumpti
984 2651 1072 2735 regis
1088 2649 1290 2735 Sigismundi
1303 2649 1327 2713 Ι.
1339 2647 1512 2714 habuimus
1526 2671 1546 2712 a
1560 2647 1710 2734 dosepho
1725 2648 1958 2734 Lephowscio.
1974 2649 2030 2733 qui
2045 2647 2126 2715 illud
2140 2650 2172 2716 in
2188 2650 2347 2716 fasciculo

693 2743 863 2892 eopiappm
877 2735 1037 2888 epipilesiae
1054 2735 1288 2825 llystkoaieasis
1304 2732 1441 2810 invenit.
1466 2731 1628 2798 Teporem
1643 2733 1774 2800 oblatae
1789 2732 1886 2819 hoJus
1901 2747 1934 2799 et
1949 2734 2145 2821 transumpti
2158 2736 2192 2801 in
2207 2747 2350 2802 annota-

692 2831 781 2897 tione
822 2847 898 2890 uca
946 2822 1081 2886 coimus:

796 2901 1469 2991 1611.VenienspersonaliteradOllicium
1480 2902 1561 2969 etad
1570 2902 1658 2969 Acta
1667 2905 1849 2988 praeseutia
1858 2905 2347 2973 CastrensiaSandeeensiaNo·
2397 2973 2401 2998 1

692 3000 766 3068 bilis
782 2993 970 3081 Stephanus
985 2989 1272 3066 Zaczwellrovvslri‚
1299 2989 1420 3058 obtolit
1433 2989 1537 3054 eidem
1561 2986 1684 3055 Ollicio
1701 2990 1876 3074 praesenti,
1905 2990 2018 3057 literas
2035 2990 2154 3056 Privile
2180 2991 2203 3055 ii
2218 2992 2346 3057 ratione

689 3083 892 3153 fundationis
907 3086 940 3140 ct
954 3075 1129 3143 locationis
1144 3074 1291 3140 villarum
1308 3076 1482 3144 Mezalnica
1496 3086 1529 3139 et
1544 3073 1697 3141 Cieaiowo
1727 3072 2019 3161 Scultetiarumque
2049 3075 2082 3141 in
2108 3015 2231 3142 eisdem
2260 3077 2349 3144 villis

691 3192 751 3260 per
768 3166 846 3233 olim
862 3162 1111 3232 serenissimum
1126 3159 1367 3247 Sigismoudum
1384 3161 1507 3244 Regem
1522 3158 1677 3224 Poloniae
1693 3155 1802 3226 Nobili
1826 3161 1978 3227 Andreae
2006 3160 2239 3229 Tchoraewski
2266 3162 2353 3229 scul-

690 3264 761 3321 teto
775 3252 925 3317 villarum
941 3246 1116 3313 earundem
1131 3246 1288 3394 repelium
1304 3247 1336 3312 in
1350 3246 1515 3312 Distriotu
1533 3244 1734 3313 Sandecensi
1745 3244 2009 3331 consistentium,
2026 3247 2236 3315 confirmatas
2251 3261 2284 3313 et
2300 3249 2351 3318 si·

591 3425 597 3434 .
691 3338 773 3492 {illo
788 3336 897 3486 Reffini
911 3333 1047 3400 minoris
1062 3330 1172 3399 Cauce
1186 3330 1284 3396 lariae
1298 3329 1452 3417 Ejusdem
1469 3331 1589 3398 Sacrae
1604 3330 1788 3416 Majestatis
1811 3330 1935 3419 Regiae
1965 3335 2168 3432 obsigpatas,
2193 3353 2352 3419 manuque

743 3445 841 3491 veren
866 3421 968 3487 issimi
983 3419 1016 3484 in
1029 3416 1163 3484 Christo
1179 3417 1286 3483 Patris
1302 3416 1435 3482 Domini
1451 3414 1541 3481 Petri
1556 3413 1730 3484 Thomiclri
1747 3414 1909 3503 Episcopi
1936 3416 2164 3486 cracoviensis
2195 3430 2227 3484 et
2242 3418 2349 3506 Regni

693 3509 850 3578 Poloniae
865 3502 1163 3574 Vico-Cancellarii
1188 3502 1322 3590 propria
1346 3500 1565 3585 subscriptas,
1591 3510 1708 3587 petens
1736 3500 1823 3566 idem
1854 3502 2043 3591 Stephanus
2072 3504 2351 3571 Zaczwelkcuslri

692 3594 899 3682 privilegium
914 3592 977 3656 hoc
993 3588 1080 3654 idem
1095 3612 1115 3653 a
1128 3611 1163 3654 se
1179 3612 1237 3675 per
1251 3586 1408 3653 Officium
1437 3608 1593 3673 praesens
1622 3585 1758 3670 suscipi,
1785 3587 1866 3653 etin
1881 3589 1970 3655 Acta
1998 3589 2184 3677 praesentia
2211 3589 2347 3657 inscribi

693 3679 849 3747 mandari.
895 3677 996 3760 Cujus
1012 3674 1227 3739 ostentationi
1244 3672 1401 3741 Oliioium
1416 3694 1572 3759 praesens
1589 3672 1771 3749 annuendo,
1789 3672 1901 3740 literas
1918 3674 2051 3741 easdem
2078 3674 2245 3760 Priviiegii
2270 3696 2350 3739 con·

692 3762 863 3831 firmatorii
879 3762 999 3829 Sacrae
1015 3759 1199 3844 Majestatis
1215 3756 1337 3845 Regiae
1355 3757 1404 3822 uti
1418 3779 1524 3833 sanas,
1555 3755 1663 3823 salvas
1693 3758 1896 3849 illaesosque,
1928 3761 2014 3826 omni
2045 3760 2241 3848 suspicionis
2271 3772 2351 3825 nota

693 3857 856 3923 carentes,
879 3846 1012 3912 revisas.
1035 3845 1075 3910 ab
1091 3842 1206 3909 eodem
1221 3844 1381 3908 ollerente
1398 3842 1559 3928 suscepit,
1572 3852 1604 3906 et
1618 3841 1653 3907 in
1668 3843 1758 3910 Acta
1774 3844 1965 3931 praesentia
1979 3845 2158 3913 inscribere
2173 3845 2351 3911 mandavit.

695 3934 839 4020 Quarum
855 3930 1040 3995 Literarum
1056 3942 1150 3994 tenor
1165 3928 1313 4013 seqnitur
1332 3927 1420 3992 talis:

801 4019 890 4084 1530.
912 4016 949 4081 lu
965 4017 1094 4081 nomine
1105 4013 1240 4079 Domini
1255 4015 1373 4079 Amen.
1411 4011 1466 4079 Ad
1482 4020 1677 4099 perpetuam
1691 4012 1740 4078 rei
1755 4015 1951 4081 memoriam.
1998 4015 2162 4101 Quoniam
2191 4015 2262 4081 solo
2277 4014 2351 4081 lite·

693 4128 802 4174 rarum
820 4127 879 4170 usu
893 4102 1068 4167 memoriae
1085 4097 1217 4165 fulcitur
1233 4099 1420 4168 aeternitas.
1444 4098 1485 4163 ab
1501 4098 1652 4182 omnique
1683 4097 1857 4167 oblivionis
1885 4100 2003 4187 injuria
2031 4123 2082 4167 res
2111 4110 2291 4167 memoratu
2306 4100 2355 4167 di·
2374 4151 2378 4162 .

719 4215 778 4258 uae
794 4213 832 4255 ac
847 4190 933 4253 facta
964 4186 1105 4251 humana
1128 4183 1348 4261 vindicantun
1371 4183 1507 4270 proinde
1534 4183 1603 4250 Nos
1629 4181 1858 4271 Sigismnndus
1874 4186 1938 4252 Dei
1958 4186 2067 4275 gratia
2092 4187 2164 4252 Rea
2186 4184 2354 4263 Pelopiae,

693 4217 837 4364 ilagnus
850 4274 928 4339 Dux
942 4269 1150 4338 Lithuaniae.
1167 4291 1293 4335 necnon
1310 4268 1485 4344 Terrarum
1501 4266 1694 4346 Cracoviae,
1720 4268 1955 4347 Sandomiriae,
1971 4270 2129 4349 Siradiae,
2155 4272 2354 4357 Lancyciac,

695 4361 874 4449 (hyeriae,
890 4357 1039 4430 Bossiae.
1055 4354 1218 4432 Prussiae,
1236 4355 1404 4420 Moraviae
1419 4354 1583 4421 Dominus
1598 4365 1631 4420 et
1645 4353 1764 4424 Heres.
1793 4355 2018 4454 significamus
2047 4368 2164 4423 tenore
2196 4379 2353 4444 praesen·

694 4448 776 4514 tium
792 4444 953 4511 universis
968 4457 1002 4508 et
1017 4440 1165 4528 singulis,
1182 4441 1407 4526 praesentibus
1423 4450 1456 4504 et
1477 4440 1596 4507 futuris
1611 4439 1727 4506 horum
1741 4440 1890 4506 notitiam
1913 4440 2219 4526 habituris—Quia
2234 4442 2357 4510 consti·

695 4544 787 4599 tutus
804 4554 914 4597 coram
929 4528 1029 4596 Nobis
1044 4526 1169 4593 Nobilis
1184 4526 1335 4593 Andreas
1350 4525 1587 4593 Tchorzewshi
1603 4523 1774 4593 Scultetus
1791 4525 1939 4591 villarum
1967 4538 2153 4594 nostrarum
2181 4529 2358 4596 Mszolnica

696 4627 730 4685 et
747 4618 902 4684 Cianiawo
917 4615 951 4679 in
967 4612 1131 4680 Distriotu
1152 4608 1352 4678 Sandeeensi
1368 4611 1629 4682 consistentium.
1655 4610 1803 4678 exhibuit
1825 4612 2038 4699 Privilegiunr
2064 4635 2161 4679 suum
2175 4613 2358 4679 scultetiale

697 4701 951 4787 infrascriptum,
967 4722 1027 4785 per
1042 4696 1178 4763 Paulum
1194 4698 1270 4763 olim
1286 4698 1495 4763 Advocatum
1511 4695 1741 4762 hereditarium
1758 4696 2008 4777 Sandecensem,
2024 4699 2078 4783 qui
2094 4698 2156 4764 fuit
2170 4698 2286 4768 haeres
2301 4695 2358 4764 vil·

695 4789 801 4854 larum
814 4786 1043 4873 praefatarum.
1061 4783 1142 4869 ipsis
1159 4782 1467 4870 praedecessoribus
1484 4781 1642 4852 Scultetis
1656 4804 1860 4860 concessum,
1877 4783 2012 4867 salvum,
2039 4783 2200 4861 illaesum,
2228 4808 2293 4851 non
2310 4784 2360 4847 vi·

695 4873 824 4953 tiatum,
846 4891 907 4935 nec
924 4870 958 4935 in
974 4869 1083 4955 aliqua
1098 4868 1149 4935 sui
1165 4877 1258 4954 parte
1274 4879 1477 4954 suspectum,
1493 4866 1755 4954 supplicavitque
1771 4865 1888 4934 deinde
1903 4869 2018 4952 Nobis,
2033 4879 2070 4934 ut
2083 4870 2149 4936 hoc
2163 4871 2270 4957 ipsum
2285 4868 2359 4935 Pri·

700 4959 866 5047 vilegium,
889 4966 1027 5043 propter
1042 4954 1147 5041 ipsius
1170 4961 1368 5019 vetustatem
1382 4952 1540 5019 innovare
1565 4955 1686 5037 heere,
1716 4951 1992 5039 Authoritateque
2017 4953 2141 5023 Nostra
2166 4955 2360 5043 approbare,
