5409 6309
1054 870 1100 903 ὃ
1152 772 1330 922 mla

360 1008 543 1133 disum
577 1046 739 1133 senen
773 1032 896 1161 ages
922 1048 1054 1160 pass
1085 1038 1199 1165 ‘gans
1234 1036 1402 1133 tusses
1423 1046 1603 1156 paam
1622 1034 2013 1158 praeinstandum

358 1160 595 1263 redditibus
627 1166 877 1253 molendinis
913 1171 1036 1283 aquis
1057 1176 1263 1252 eteorum
1301 1165 1546 1251 decursibus
1565 1179 1612 1251 et
1629 1168 1834 1252 vniuersis
1855 1165 2015 1253 obuen-

356 1286 570 1392 eionibns‚
605 1286 707 1371 nihii
740 1298 816 1398 pro
838 1298 981 1371 secut
1008 1289 1193 1398 ipsorum
1229 1285 1370 1370 liberis
1401 1298 1445 1373 et
1462 1285 1662 1398 legitimis
1689 1288 2013 1372 suecessoribus

355 1404 457 1489 iuris
479 1406 651 1493 dominii
670 1415 713 1489 et
731 1407 922 1492 utilitatis
942 1407 987 1490 in
1007 1408 1157 1491 eadem
1186 1415 1305 1518 parte
1328 1403 1575 1491 hereditatis
1595 1402 1753 1490 ibidem
1772 1406 1816 1488 in
1839 1401 2014 1491 Cariete-
2179 1468 2184 1481 .

357 1522 443 1608 aies
470 1536 736 1610 reseruantes
774 1537 901 1645 prout
922 1536 988 1610 est
1008 1526 1103 1637 ipsa
1136 1552 1234 1636 pars
1272 1525 1519 1612 hereditatis
1540 1525 1692 1609 innuis
1727 1526 1851 1608 metis
1884 1522 2015 1639 longe

356 1641 539 1753 lateque·
565 1638 992 1733 circumferentialiter
1028 1647 1226 1729 distincta
1260 1657 1304 1727 et
1342 1645 1523 1731 limitata
1554 1669 1652 1728 cum
1684 1643 1797 1730 omni
1826 1640 1934 1727 Jnre
1970 1654 2015 1733 et

358 1756 542 1849 dominio
561 1775 692 1874 prout,
705 1765 782 1849 soli
801 1774 1030 1851 tenuerunt
1060 1758 1302 1850 habuerunt
1321 1773 1365 1847 et
1384 1762 1678 1876 possederunt.
1728 1757 2014 1871 Magnifice...

358 1877 542 1968 Domino
576 1880 764 1977 Johauni
798 1884 991 1969 Palatino
1028 1882 1355 1970 Sandomiriensi
1385 1885 1562 1994 suisque
1589 1880 1730 1967 liberis
1752 1891 1797 1965 et
1813 1874 2013 1997 legitimis

357 2002 677 2089 successoribus
698 2064 766 2086 .....
786 2030 865 2113 pro
886 2013 1053 2087 centum
1088 2004 1240 2088 mareis
1282 2028 1521 2115 grossorum
1551 2000 1825 2114 pragensium
1855 1998 2017 2084 numeri

358 2123 604 2206 consueti...
645 2122 797 2234 Regno
818 2124 1024 2205 currentis
1044 2118 1376 2237 vendid(erunt).
1410 2119 1517 2206 Jurs
1534 2118 1787 2205 hereditarie
1807 2117 2016 2232 tituloque
2075 2120 2079 2135 “

358 2236 617 2325 vendicionis
651 2240 1013 2355 resign(averunt)
1053 2242 1350 2327 renunciantes
1383 2242 1497 2326 omni
1515 2239 1763 2349 repeticioni
1784 2249 1828 2323 et
1846 2237 2016 2323 rehabi-

357 2356 502 2443 tioni...
523 2362 770 2470 premissam
801 2371 963 2472 partem
995 2361 1240 2444 hereditatis
1262 2388 1364 2444 suae
1385 2386 1516 2477 per...
1538 2359 1753 2444 dominum
1772 2354 2015 2444 Jobennem

358 2474 597 2562 Palatinum
613 2478 997 2567 Sandomiriensem
1013 2506 1113 2564 suos
1136 2506 1220 2590 que
1237 2505 1504 2564 successores
1524 2478 1741 2595 perpetuis
1754 2476 2015 2587 temporibus

359 2597 586 2683 tenendam
617 2598 858 2682 habendam
878 2611 922 2684 et
940 2599 1278 2714 (possidendam)
1309 2599 1421 2684 val...
1445 2600 1542 2683 dem
1562 2598 1857 2709 promittentes
1876 2594 2017 2705 ipsum

358 2714 400 2795 in
422 2715 572 2799 eadem
594 2710 649 2800 ab
670 2719 847 2803 omni...
864 2718 1189 2834 (te)stimonium
1210 2719 1347 2831 sigilla
1367 2728 1510 2804 nostre
1531 2717 1800 2827 presentibus
1820 2725 1921 2801 sunt
1940 2744 2018 2829 ep-

357 2860 503 2942 pensa.
564 2837 721 2919 Actum
759 2847 817 2943 et;
837 2839 984 2923 datum
1027 2833 1212 2920 Cracove'e
1233 2898 1299 2921 .....
1321 2850 1509 2947 tempore
1549 2837 1651 2947 May
1691 2836 1817 2922 Anno
1859 2824 2014 2920 domini

358 2951 569 3039 MOOOL.
592 2954 723 3057 XXX
743 2966 909 3042 octavu.
954 2955 1283 3043 Presentibus....
1316 2956 1586 3066 Sandiwogio
1610 2956 1847 3067 Oapitaneo
1869 2950 2015 3065 spith-

357 3099 465 3157 oone
484 3071 677 3159 Palatino
700 3074 933 3186 Spitheone
963 3074 1286 3162 Subcemerario
1379 3072 1650 3186 Woynicensi
1672 3074 1884 3162 Christino
1906 3070 2017 3158 Seu·

359 3188 532 3274 decensi
554 3190 804 3278 Castellanis
826 3202 870 3276 et
888 3193 979 3279 aliis
999 3192 1140 3278 multis
1162 3204 1257 3278 et...

1072 3634 1311 3753 ttxxui.

723 3891 1121 3998 Wojntce-su
1139 3895 1302 3980 lunii
1317 3894 1465 3984 1388
1486 3917 1651 3982 csso.

403 4111 696 4193 vladislaus
711 4113 922 4202 legem
937 4115 1148 4191 misterius
1161 4117 1287 4210 lem
1300 4118 1479 4193 litim
1491 4119 1568 4208 lu,
1582 4116 1705 4192 liutet
1718 4117 1757 4191 le
1770 4117 1879 4188 lasset
1892 4121 1973 4195 sliu

731 4214 859 4290 lirini
879 4216 971 4305 lietu,
985 4218 1164 4291 sonuum
1177 4221 1209 4292 ir
1222 4220 1455 4295 ploraveras
1468 4221 1573 4295 rendi
1589 4224 1640 4304 ι’).

454 4414 698 4509 ‘lnnomine
719 4422 799 4509 etc.
844 4424 1105 4512 Wledislaus
1128 4427 1196 4512 dei
1216 4431 1354 4542 gretia
1374 4429 1465 4516 Rex
1485 4428 1686 4515 Poioniae
1708 4437 1789 4514 etc.
1837 4427 2010 4541 Signifi-

357 4571 503 4628 camus
525 4553 605 4628 etc.
657 4539 784 4644 Quod
803 4544 1023 4654 cupientes
1043 4544 1257 4654 profectus
1294 4549 1437 4661 Regni
1456 4549 1588 4635 nostri
1608 4549 1807 4660 ampliare
1827 4547 2008 4658 locaque

355 4660 527 4749 deserta
545 4687 623 4774 per
641 4661 940 4775 plenitudinem
979 4664 1194 4748 hominum
1213 4668 1257 4749 in
1276 4695 1380 4751 usus
1411 4677 1657 4756 convertere
1686 4668 1890 4755 meliores.
1943 4666 2010 4754 Si·

460 4925 502 5006 (1)
527 4920 687 4993 Tabulam
712 4924 800 4994 banc
814 4948 855 4991 ex
870 4923 962 4992 libris
981 4946 1078 4992 mann
1103 4925 1168 4994 scri
1192 4926 1236 4994 tis
1263 4925 1434 4996 Tabnlsrii
1456 4928 1689 4999 Varsoriensis
1715 4930 1767 4997 Re
1793 4929 1827 4996 ni
1851 4928 2009 4997 Poioniae

356 5010 457 5099 vulgo
471 5008 835 5098 ‚Metrykakoronna‘’
850 5010 948 5080 dietis
975 5009 1153 5098 (voleus
1206 5014 1247 5083 55
1262 5022 1297 5083 et
1306 5017 1431 5100 sequ),
1446 5016 1503 5084 ubi
1516 5015 1551 5083 in
1564 5024 1768 5104 transumpto
1835 5016 1886 5102 gis
1905 5014 2009 5104 Sigis-
