5409 6309
1145 827 1186 876 11

473 900 530 967 Nr.
655 897 755 963 Anno
1085 887 1089 900 '
1665 925 1669 936 ·
1934 933 1985 989 Q

423 1085 430 1098 1
478 1004 531 1072 Ol.
665 1002 758 1068 1348.
802 994 1453 1102 (1331331333133333333111331115333333
1472 991 1645 1062 locandam
1664 994 1879 1095 3331131333-
1918 1047 1920 1049 ψ

460 1173 541 1285 CI}
667 1173 758 1237 1349.
801 1084 1146 1254 003333333331131313ἑ333
1158 1127 1223 1234 ο333
1237 1125 1398 1233 33133333
1407 1124 1566 1232 ecclesiae
1587 1187 1658 1232 333
1669 1126 1881 1236 ο1333333133133
1921 1086 1982 1152 223

800 1252 877 1320 villa
892 1253 1061 1341 Tymbarlr
1074 1263 1108 1319 et
1123 1249 1255 1319 schola‘e
1269 1248 1390 1317 ibidem
1410 1247 1520 1316 dotem
1535 1250 1683 1337 assignat
1712 1299 1876 1319 .....
1921 1257 1982 1323 226

463 1344 551 1413 (llll.
665 1340 759 1438 1350.
802 1339 974 1407 Bodzanta
989 1340 1164 1428 spiscopus
1178 1333 1408 1408 Gracoviansis
1427 1333 1600 1402 ecclesiam
1614 1335 1831 1422 parochialem
1846 1339 1879 1406 in

801 1423 879 1490 villa
893 1447 952 1506 sua
965 1423 1192 1511 Niepolomics
1211 1422 1327 1490 fundat
1342 1429 1376 1484 et
1390 1418 1488 1504 erigit
1501 1418 1673 1504 dotemque
1691 1422 1812 1488 rectori
1828 1445 1881 1493 as-

635 1529 653 1570 ·
801 1509 829 1576 si
877 1520 911 1576 at
922 1550 1877 1577 .........................
1921 1514 1983 1578 227

461 1597 546 1667 Clv.
662 1597 757 1665 1350.
801 1532 981 1672 0333331333
996 1617 1048 1661 ma
1073 1617 1133 1660 nus
1147 1614 1206 1658 rex
1220 1590 1378 1660 Poloniae
1390 1588 1580 1656 libertatem
1594 1590 1695 1657 donat
1711 1593 1878 1680 Spythco·

536 1701 541 1708 ·
801 1681 835 1748 31
846 1680 1024 1748 castellano
1067 1678 1249 1745 racoviensi
1260 1680 1395 1764 ejusque
1411 1675 1553 1761 posteris
1565 1679 1674 1742 omnia
1688 1679 1816 1744 metalla
1826 1701 1881 1746 on·

795 1770 978 1854 jusnunqne
994 1764 1123 1852 generis
1138 1764 1171 1830 in
1186 1764 1281 1830 bonis
1296 1761 1400 1849 ipsius
1416 1761 1631 1844 conquirendi
1633 1807 1875 1829 .......
1920 1769 1982 1833 229

469 1853 540 1921 CV.
661 1852 754 1919 1351.
798 1851 975 1919 Oasimirus
990 1873 1042 1915 ma
1066 1872 1127 1915 nus
1142 1848 1299 1916 Poloniae
1315 1869 1383 1922 rex,
1399 1868 1510 1914 omnes
1526 1859 1559 1912 et
1573 1848 1715 1934 singulas
1729 1849 1824 1916 villas
1840 1850 1882 1918 ad

797 1936 1030 2003 mdnastcrinm
1043 1874 1142 2002 balvi
1166 1936 1285 2000 montis
1307 1931 1507 2020 pertinentes
1523 1932 1562 1999 de
1582 1935 1656 2016 jure
1677 1934 1831 2021 polonico
1846 1935 1881 2000 in

796 2024 851 2109 jns
865 2023 1071 2087 teutonicum
1085 2020 1173 2086 Novi
1187 2021 1261 2097 lori,
1278 2016 1367 2103 qnod
1382 2015 1541 2084 Srodzlrie
1558 2016 1687 2096 dicitur,
1713 2021 1878 2087 transfert.
1924 2023 1983 2088 231

458 2108 546 2177 cvl.
663 2107 753 2175 1353.
798 2106 977 2173 Casimirns
992 2128 1043 2171 ma
1090 2129 1128 2171 us
1154 2129 1211 2172 rex
1225 2104 1381 2176 Poloniae
1396 2101 1534 2170 Cunado
1551 2103 1691 2169 sculteto
1706 2105 1820 2174 silvam
1830 2110 1882 2192 ja·

797 2191 1027 2260 centemcirca
1062 2193 1171 2257 urium
1179 2189 1346 2259 Lososina
1357 2192 1431 2275 jnre
1441 2189 1610 2254 teutonico
1626 2188 1797 2258 locandam
1807 2214 1882 2278 per·

797 2278 898 2344 mittit
912 2287 945 2343 et
960 2277 1165 2343 advocatiam
1179 2278 1212 2343 in
1228 2273 1349 2362 oppido
1360 2271 1519 2342 ludlowa
1534 2275 1615 2361 gdra
1629 2276 1660 2341 ci
1674 2278 1806 2361 ejusque
1821 2300 1880 2365 po·

799 2364 895 2431 steria
916 2365 951 2429 in
962 2386 1023 2463 per
1048 2373 1157 2429 etnam
1172 2362 1272 2428 donat
1274 2405 1878 2432 ................
1922 2367 1983 2434 233

547 2493 556 2512 .
618 2501 626 2518 .
662 2450 755 2515 1353.
799 2450 1012 2516 Innocentius
1057 2447 1334 2535 lpapaabbatem
1344 2445 1883 2532 Andrejoviensemjndicemase·

798 2534 839 2622 de
855 2535 1038 2620 apostolica
1064 2533 1247 2622 delegatum
1268 2532 1413 2598 nominat
1434 2531 1630 2616 mandatque
1647 2533 1688 2611 oi,
1715 2543 1751 2599 ut
1766 2556 1882 2606 causas

720 2649 722 2654 ·
799 2620 989 2686 monasterii
1004 2619 1200 2685 Tinecensis
1214 2627 1372 2719 procuret
1397 2662 1878 2686 .............
1923 2622 1983 2688 236

664 2704 755 2772 1353
799 2705 999 2773 Consistorii
1017 2703 1245 2771 Cracoviensrs
1260 2703 1443 2781 decretum,
1470 2724 1534 2786 qno
1550 2704 1708 2771 coenobio
1725 2705 1882 2772 Tinecen·

799 2791 827 2857 si
843 2791 1000 2858 decimam
1023 2790 1118 2856 villae
1133 2790 1281 2859 Polanca
1296 2789 1403 2854 dictae
1420 2788 1459 2855 de
1475 2810 1541 2873 qua
1558 2788 1599 2855 lis
1620 2790 1705 2856 inter
1719 2791 1882 2860 Joannem

797 2877 949 2944 abbatem
964 2878 1152 2942 monasterii
1163 2876 1324 2963 praedicti
1338 2874 1584 2941 etBodzantam
1600 2877 1791 2961 episcopum
1802 2877 1882 2944 Cra-

680 2991 685 3000 ·
798 2964 1020 3028 coviensema
1045 2961 1169 3037 ebatur,
1191 2959 1358 3044 adjudicat
1359 3003 1878 3027 ..............
1923 2963 1984 3027 337

540 3093 549 3110 .
661 3047 753 3114 1354.
797 3046 943 3113 Donatio
960 3047 1004 3112 Sc
1041 3046 1139 3109 tetiae
1159 3047 1193 3109 in
1208 3044 1286 3108 villa
1301 3045 1541 3130 Strzegocnyce
1561 3043 1796 3128 perloannem
1810 3046 1882 3113 Ab·

715 3147 717 3152 ’
797 3131 907 3196 batem
922 3130 1136 3195 Tinecenscm
1149 3129 1238 3192 facta
1252 3127 1415 3194 Stanislao
1430 3128 1580 3192 servitori
1595 3148 1667 3192 cum
1683 3127 1881 3205 conditione,

755 3253 757 3257 ,
799 3224 835 3280 ut
849 3214 935 3279 illam
943 3216 1016 3298 jure
1032 3214 1199 3279 teutonico
1214 3213 1341 3277 locaret
1353 3256 1876 3279 ..............
1922 3216 1983 3279 233

468 3299 540 3370 ΟΧ.
662 3298 755 3365 1354.
797 3301 996 3367 Francisnus
1011 3299 1113 3365 abbas
1127 3297 1412 3374 Andreinvicnsis,
1421 3296 1523 3381 judex
1540 3296 1743 3384 apostolicus
1758 3297 1799 3363 ad
1813 3322 1882 3368 nto·

797 3387 974 3453 nestorium
982 3385 1165 3450 Tinecense
1174 3382 1573 3530 delegatus,praepeditns
1584 3383 1724 3469 negotiis
1736 3406 1814 3449 suae
1826 3385 1880 3451 do·

797 3493 881 3552 mus,
893 3471 1071 3537 Franciseo
1083 3468 1274 3555 praeposito
1290 3467 1365 3534 S·F
1379 3468 1484 3532 oriani
1494 3469 1528 3533 in
1541 3463 1751 3536 cracoviensi
1766 3470 1882 3536 subur·

798 3555 854 3621 bio
870 3556 1097 3622 executionem
1111 3554 1253 3619 mandati
1274 3574 1379 3639 papae
1394 3551 1576 3618 Innocentii
1592 3554 1798 3620 commendat
1827 3602 1836 3619 .
1866 3601 1875 3618 .
1920 3554 1982 3621 241

457 3640 547 3709 CXI.
657 3639 750 3708 1354.
795 3638 958 3707 Cristinns
971 3651 1005 3706 et
1019 3639 1214 3705 Franciscus
1224 3637 1384 3704 haeredes
1399 3637 1439 3702 ds
1451 3637 1647 3724 Blogccice,
1661 3641 1780 3705 fratres
1795 3641 1881 3705 inter

797 3748 832 3792 se
848 3728 1004 3813 germani,
1032 3736 1065 3790 et
1079 3724 1206 3790 filiastri
1221 3746 1352 3800 eorum,
1381 3744 1471 3789 suam
1485 3733 1612 3808 partem
1627 3724 1660 3789 in
1676 3725 1789 3789 eadem
1803 3725 1882 3791 villa

798 3812 995 3960 rfinonasterio
1019 3809 1241 3890 Staniatcensi
1255 3807 1416 3882 vendunt,
1432 3808 1521 3892 quod
1534 3831 1591 3873 rex
1610 3808 1786 3877 Casimirns
1801 3833 1880 3877 con-

820 3907 903 3964 rmat
926 3939 1879 3963 .........................
1922 3898 1982 3962 242

448 3983 555 4050 CXII.
663 3985 756 4052 1354,
798 3982 953 4067 Ejusdem
975 3982 1072 4048 villae
1087 3980 1270 4067 Blogccice
1294 3978 1530 4066 aliampartem
1552 3979 1742 4046 Michaelet
1764 3981 1882 4046 Henri·

799 4090 859 4136 cns
876 4090 949 4133 curn
968 4069 1034 4136 suis
1050 4068 1220 4134 sororibus
1235 4062 1403 4147 haeredes,
1421 4065 1461 4131 de
1475 4064 1562 4150 regn's
1577 4065 1729 4132 Casimiri
1744 4088 1882 4132 consen·

797 4176 836 4218 su
851 4154 1047 4221 monasterio
1064 4152 1286 4231 Staniatcensi
1299 4150 1444 4217 vendunt
1464 4196 1876 4217 ...........
1923 4153 1984 4218 244

438 4238 562 4307 CXlll.
658 4239 750 4306 1354.
794 4238 950 4306 Nicolaus
964 4241 1080 4306 haeres
1096 4239 1137 4303 de
1156 4236 1337 4324 Blogccice
1356 4244 1390 4301 ct
1404 4237 1480 4300 Mar
1505 4236 1618 4301 aretha
1642 4239 1764 4322 conjux
1779 4236 1882 4303 Joan·

797 4325 847 4389 nis
867 4325 907 4391 de
924 4322 1172 4390 Wrocimowice
1199 4344 1272 4389 cum
1295 4343 1407 4387 sorore
1432 4258 1580 4388 etdratre
1607 4344 1761 4405 germano
1787 4320 1881 4385 aliam

798 4420 926 4496 partem
940 4409 1085 4495 ejusdem
1098 4406 1207 4484 villae,
1222 4428 1301 4493 rege
1313 4405 1475 4474 Oasimiro
1490 4407 1720 4488 consentiente,
1737 4405 1881 4472 vendunt

795 4495 995 4562 monasterio
1012 4492 1233 4573 Staniatnenai
1242 4537 1879 4558 .................
1922 4493 1983 4555 245

439 4580 563 4650 cxlv.
661 4581 754 4650 1355.
797 4569 979 4646 Decretn'm
993 4577 1162 4648 Francisci
1176 4577 1358 4664 praepositi
1375 4577 1410 4644 S·
1422 4576 1566 4644 Floriani
1582 4578 1616 4642 in
1631 4576 1785 4643 suburbio
1802 4572 1882 4643 Cra·

796 4665 954 4747 curiensi,
969 4666 1020 4730 uti
1035 4662 1258 4730 Commissarii
1273 4661 1470 4748 Apostolici,
1495 4662 1580 4727 inter
1596 4653 1754 4763 Zegotam
1769 4661 1881 4729 haere·
1933 4726 1937 4734 ,

796 4748 925 4815 demde
945 4749 1150 4815 Benkowice
1166 4757 1199 4811 et
1214 4746 1366 4812 abbatem
1383 4746 1607 4830 Tinecenscm,
1623 4748 1777 4814 dirimens
1791 4745 1880 4814 litem

795 4845 830 4900 ct
843 4834 954 4900 villam
966 4834 1144 4920 Lupusnna
1157 4831 1357 4900 monasterio
1372 4831 1572 4917 adjudicans,
1588 4834 1879 4915 executionemque

797 4918 922 4988 decreti
937 4918 1063 4988 duobus
1078 4916 1260 4988 rectoribus
1276 4915 1490 4986 ecclesiarum
1506 4920 1715 4986 committens
1746 4964 1753 4979 .
1785 4966 1793 4981 .
1826 4965 1834 4982 .
1867 4966 1875 4981 .
1920 4918 1980 4981 247

1783 5027 1803 5094 b
