5409 6309
1392 846 1441 863 -
1493 806 1667 885 328¹.-
1770 892 1774 899 ,

1446 1168 1638 1310 ΟΜΝ(

960 1433 963 1441 ’
991 1452 1251 1537 Tincctoe
1259 1404 1390 1539 -26
1405 1450 1728 1569 Decembris
1745 1448 1891 1540 1383
1908 1468 2074 1535 anno.

739 1674 969 1746 loannes
984 1672 1080 1747 alors
1093 1672 1270 1746 uonrstud
1284 1673 1455 1747 mecum
1468 1673 1657 1764 privilegium
1671 1670 1777 1745 buu
1799 1664 1907 1744 roim
1920 1626 2003 1745 dieb
2019 1622 2130 1739 Ctrasl
2141 1626 2233 1763 super
2245 1671 2322 1745 uu

1209 1776 1319 1847 tetiam
1333 1775 1426 1848 viltro
1440 1777 1645 1859 Moderata,
1659 1778 1788 1848 urent
1803 1778 1854 1859 (¹).

808 1984 1010 2070 Noverint
1038 1983 1220 2066 universi
1249 1989 1514 2092 praesentem
1537 1934 1730 2065 ¹Literam
1752 1981 2001 2094 inspecturi,
2023 1977 2149 2082 Quod
2168 1982 2259 2067 Nos
2278 1980 2357 2068 Jo'·

708 2131 836 2189 annes
872 2104 1026 2186 Divina
1059 2102 1325 2186 miseratione
1362 2100 1510 2184 Abbas
1546 2102 1791 2212 Monastery
1826 2102 2023 2212 Tyniacii
2054 2099 2150 2216 (sic)
2189 2097 2356 2187 Ordinis
2429 2115 2439 2122 “

573 2212 582 2233 “
706 2223 796 2309 Soti
817 2221 1038 2305 Benedicti
1060 2221 1111 2303 de
1134 2249 1344 2305 consensu
1365 2219 1559 2304 Fratrum
1592 2222 1780 2304 omnium
1799 2223 1933 2306 nostri
1954 2220 2220 2325 Conventus,
2257 2247 2359 2305 con-

704 2342 890 2425 siderata
909 2340 1094 2423 fidelima
1114 2332 1418 2450 approbatione
1440 2339 1639 2424 desconis
1662 2340 1765 2422 dicti
1787 2337 1943 2438 Cbrust,
1977 2341 2094 2452 quod
2114 2340 2245 2449 ipsius
2266 2339 2359 2422 Pri·

703 2461 907 2574 vilegium
929 2489 1004 2570 per
1022 2461 1165 2570 ignem
1187 2473 1255 2542 est*
1272 2458 1538 2545 combustum
1572 2484 1700 2568 super
1717 2546 1721 2555 ,
1738 2458 1987 2543 Scultetiam
2021 2468 2191 2542 nostrae
2231 2459 2357 2542 villae

706 2580 846 2663 dictae
889 2576 1143 2663 Modorowlcu
1164 2576 1260 2691 (sic)
1281 2604 1482 2689 praesens
1513 2579 1780 2690 Privilegium
1811 2606 2012 2663 renovare
2032 2575 2207 2661 fecimus
2229 2587 2274 2660 st
2288 2606 2360 2660 re·-

580 2769 583 2774 .
704 2726 910 2784 novamus
941 2698 1021 2782 sibi
1042 2718 1169 2806 super
1204 2699 1382 2781 eandem
1420 2696 1673 2782 Sculteoiam
1711 2700 1849 2782 denuo
1885 2696 2158 2808 Privilegium
2194 2696 2357 2799 dantes,
2410 2750 2412 2755 -

705 2818 974 2903 concedimus
1013 2815 1147 2899 eidem
1182 2829 1324 2903 nostro
1363 2816 1552 2901 Seulteto
1574 2828 1619 2900 et
1638 2816 1786 2899 damus
1822 2826 2025 2928 perpetue
2055 2814 2359 2924 possidendam

704 2939 880 3046 suisque
914 2936 1110 3047 legitimis
1146 2938 1324 3044 posteris
1362 2934 1467 3018 dure
1502 2935 1860 3046 Maydeburgensi
1890 2935 2192 3021 haereditatem
2211 2934 2357 3018 locan-

705 3057 821 3158 dam,
844 3082 954 3163 quae
975 3066 1117 3139 tamen
1137 3055 1375 3140 haereditas
1396 3056 1575 3139 habebit
1593 3082 1781 3159 mansos,
1807 3058 2001 3164 'quantos
2021 3053 2179 3136 habere
2202 3052 2356 3164 poterit

704 3175 812 3259 «lure
828 3174 1093 3259 Theutonico
1115 3183 1360 3259 mensuatos
1381 3177 1425 3257 in
1444 3174 1665 3285 praedicta
1685 3174 1946 3259 haereditate
1967 3200 2075 3282 quas
2089 3172 2241 3257 limites
2258 3198 2355 3282 pro·

704 3292 804 3404 prys
825 3294 1042 3377 vocabulis
1065 3292 1257 3375 duximus
1281 3295 1594 3405 designandam·
1608 3292 1719 3409 (sic).
1750 3294 1938 3379 Primos
1961 3289 2121 3376 Glinnilc
2140 3319 2279 3401 usque
2299 3289 2358 3375 ud

707 3441 903 3521 eampum
925 3413 1082 3495 dictum
1103 3409 1388 3524 Srzodopolau,
1421 3443 1448 3496 a
1470 3410 1738 3526 Srzodopolno
1767 3438 1903 3525 usque
1924 3412 1980 3495 ad
2001 3411 2176 3495 fluvium
2197 3412 2358 3495 dictum

713 3529 880 3633 stnu,
918 3560 944 3614 a
973 3528 1121 3611 stnu
1150 3558 1289 3642 usque
1309 3533 1365 3613 ad
1385 3534 1558 3617 fluvium
1580 3531 1739 3614 dictum
1761 3530 2024 3630 dictationis,
2062 3527 2356 3615 ostravanto

708 3679 845 3760 usquc
882 3648 1103 3732 tremulum
1140 3648 1236 3762 (sic)
1274 3650 1432 3732 dictum
1468 3647 1601 3761 Osmp,
1638 3651 1694 3732 ab
1731 3651 1849 3761 Osmy
1884 3678 2021 3763 usque
2057 3649 2112 3732 ad
2142 3646 2373 3748 Quercum'

708 3772 863 3852 dictam
893 3765 1137 3877 Trzesniowy
1173 3768 1290 3868 qu,
1328 3798 1355 3851 a
1376 3798 1537 3881 quercu
1566 3772 1704 3877 usque
1726 3770 1781 3853 ad
1801 3796 2003 3882 magnum
2037 3767 2179 3868 Potuit,
2212 3796 2247 3850 a
2262 3795 2356 3877 maj

707 3914 792 3999 gno
833 3884 955 3969 Potolr
995 3914 1130 3999 usque
1168 3889 1222 3970 ad
1257 3888 1431 3972 fluvium
1474 3890 1631 3971 dictum
1650 3886 1886 3972 staura.
1946 3889 2194 4000 Damusqua
2224 3882 2353 3973 disto

706 4018 848 4090 nostm
886 4003 1074 4091 Sculteto
1117 4016 1575 4120 quantosquemausos
1604 4005 1744 4091 facere
1764 4011 1921 4117 poterit
1937 4011 1980 4090 in
2001 4004 2357 4116 praedietislimtn

704 4125 818 4210 tibus
856 4127 894 4207 ci
929 4134 1083 4207 tamen*
1119 4129 1221 4213 duos
1258 4154 1427 4212 mansos
1457 4128 1609 4212 liberos
1647 4140 1689 4211 et
1729 4127 1815 4210 suis
1853 4129 2051 4238 posteris·
2068 4128 2122 4211 ab
2145 4122 2354 4213 omnibus

705 4245 996 4329 exactionibus
1027 4255 1081 4327 et
1120 4246 1422 4347 solutionibus,
1470 4247 1692 4331 Decimam
1742 4275 1872 4331 suam·
1909 4247 2122 4334 scultetus
2153 4245 2225 4327 de
2265 4241 2353 4333 suit

705 4368 860 4448 mansis
897 4362 1063 4447 duobus
1100 4364 1219 4449 dabit
1253 4362 1321 4449 cui
1357 4366 1437 4449 sibi
1477 4367 1675 4476 placebit.
1709 4366 1972 4479 ¹Damusque
2005 4367 2138 4449 eidem
2157 4362 2352 4449 scureto

704 4486 924 4593 praedicto
942 4483 1245 4587 Molendinum,
1281 4486 1800 4598 Piscinam‚‘quantasque
1824 4482 2004 4596 piscinas
2025 4483 2163 4568 lacere
2185 4483 2353 4594 potest,

634 4676 637 4691 .
705 4600 839 4687 libere
854 4602 984 4686 faciat
1005 4604 1167 4712 absque
1190 4605 1342 4689 damno
1373 4605 1628 4689 Kmetonum
1646 4605 2183 4719 etnostro,lin1prsediutu
2203 4602 2354 4689 haeres

707 4721 837 4805 ditate
859 4720 1121 4826 Tabernam,
1143 4723 1370 4809 Macellum
1392 4725 1596 4829 earnium,
1617 4723 1808 4810 Mensam
1826 4724 1966 4843 pariis,
1989 4719 2355 4813 Sutuum'fubrile

807 4956 852 5038 ‹¹›
873 4954 1100 5042 ceramon
1115 4956 1374 5039 *aulaeas
1390 4955 1820 5045 nemausam-
1896 4974 1910 5033 ·.
2090 5028 2094 5035 ,
2244 5028 2247 5037 ,
2388 4978 2393 4987 .
