5409 6309
1366 751 1620 864 ,ξω-ι

646 1007 652 1042 -·
720 981 855 1093 ipsius
878 978 1158 1092 donationem
1177 971 1350 1078 factam,
1385 976 1456 1059 vel
1490 975 1773 1084 emptionem,
1808 977 1983 1087 propter
2017 977 2332 1089 neglectiouem
2378 1065 2386 1079 ,

722 1108 899 1199 tantem,
921 1094 1038 1207 quod
1058 1123 1085 1175 a
1106 1093 1301 1176 Tartaris
1323 1094 1471 1202 primis
1494 1093 1676 1194 eandam
1696 1121 1784 1180 non
1805 1097 1972 1178 ornauit
2005 1094 2237 1181 reformare
2257 1099 2333 1182 de·

721 1217 912 1303 solutam.
945 1201 1150 1295 Volumus
1168 1210 1286 1321 quod
1305 1212 1390 1296 hoc
1410 1212 1524 1294 idem
1555 1211 1843 1323 Priuilegium,
1879 1213 2031 1297 nullius
2067 1216 2124 1297 sit
2156 1218 2330 1326 vigoris,

578 1375 582 1380 ·
723 1343 767 1419 et
786 1361 813 1415 a
830 1339 1004 1415 nostrae
1023 1330 1284 1436 posteritatis
1305 1329 1584 1413 succedaneis
1604 1331 1774 1437 penitus
1794 1330 1990 1415 frivolum
2004 1339 2235 1440 reputetu.
2277 1332 2329 1417 In

720 1477 901 1563 quorum
922 1448 1108 1531 omnium
1128 1446 1405 1542 stabilitatem
1423 1448 1697 1556 perhennem,
1730 1448 2074 1531 etfirmissimam
2104 1451 2330 1560 perhenni·
2476 1482 2480 1490 ·

718 1578 867 1670 tatem,
887 1594 944 1648 ne
963 1573 1142 1675 possent
1160 1563 1276 1647 nube
1295 1568 1390 1677 tegi
1410 1565 1645 1668 Obliuionis,
1667 1575 1742 1649 aut
1760 1565 1958 1676 scrupulo
1996 1567 2234 1649 calumniae
2255 1567 2330 1651 ali·
2354 1601 2358 1606 ·

721 1693 936 1797 quatenus
957 1683 1208 1793 praepedirj,
1244 1687 1515 1793 praesentem
1546 1685 1750 1794 paginam
1769 1686 1904 1769 nostri
1940 1684 2065 1794 sigilli
2098 1686 2331 1769 munimine

720 1803 900 1886 secunus
934 1799 1137 1909 roborarj.
1180 1800 1339 1888 Actum
1373 1804 1417 1883 in
1454 1800 1734 1886 Sandomiria.
1767 1802 1894 1887 Anno
1917 1802 2074 1886 domini
2093 1801 2329 1887 Millesimo.
2470 1799 2472 1804 ’
2545 1817 2557 1836 ‘

722 1921 1011 2003 ducentesimo
1048 1919 1266 2028 trigesimo
1288 1930 1409 2004 sexto
1431 1916 1599 2030 (1236).
1630 1917 1936 2003 Praesentibus
1958 1920 2024 2002 his
2046 1947 2225 2032 quorum
2246 1922 2330 2003 ista
2464 1977 2467 1988 ‚

721 2046 822 2122 sunt
841 2038 1023 2121 nomina.
1057 2034 1214 2119 Comes
1237 2034 1366 2122 Suloo
1399 2036 1666 2122 Castellanus
1699 2036 2009 2142 Crotoniensis,
2033 2036 2333 2122 ComesBoxa

719 2154 939 2242 Palatinus
982 2153 1336 2254 Sandomiriensis
1380 2156 1536 2266 Comes
1571 2155 1725 2239 Petrus
1761 2156 1980 2241 Palatinus
2019 2155 2331 2241 Oracouiensis.

718 2273 928 2360 Dominus
949 2271 1182 2379 Procopius
1205 2269 1493 2360 Cancellarius
1514 2301 1591 2382 per
1612 2275 1732 2358 cuius
1752 2301 1925 2358 manum
1955 2275 2038 2358 h‘oc
2059 2272 2332 2384 Priuilegium
2400 2377 2402 2380 Ι

604 2487 612 2503 ‚
721 2401 787 2478 est
805 2398 1060 2501 porrectum.
1104 2388 1260 2473 Comes
1279 2391 1492 2496 ,Nicolaus
1515 2391 1784 2476 Castellanus
1816 2392 2169 2478 Sandomiriensis
2191 2400 2236 2473 et
2256 2391 2332 2473 do·

719 2512 859 2594 minus
881 2506 1099 2617 Zyffridus
1122 2507 1280 2594 Custos
1300 2508 1523 2595 Ecclesiae
1544 2510 1702 2595 beatae
1722 2511 1884 2595 Mariae
1903 2512 1949 2593 in
1971 2507 2250 2595 sandomiria

1437 2829 1558 2944 xvl.

742 3067 935 3150 Actum
959 2995 1020 3147 in
1049 3062 1236 3168 Gbedt
1262 3064 1338 3172 (t)
1361 3087 1514 3152 anno
1539 3063 1696 3164 1232,
1723 3067 1842 3152 rinc
1868 3066 1961 3151 dic
1987 3071 2043 3149 et
2065 3082 2293 3150 rossenac.¹
2351 2993 2356 3001 ⁸

658 3262 921 3341 fleur-icus
943 3265 1007 3337 im
1022 3267 1148 3341 mooe
1162 3269 1197 3340 ot
1209 3266 1351 3342 Paloura
1379 3270 1487 3340 uotru
1511 3269 1596 3356 nott
1621 3270 1728 3344 coniti
1748 3247 1983 3341 {teodoro
1998 3267 2135 3360 pustino
2144 3263 2335 3341 cuononi

899 3349 995 3426 tim
1008 3353 1114 3426 rium
1126 3355 1285 3443 Roqomik
1297 3353 1505 3445 immaturo
1514 3354 1585 3447 luo
1598 3354 1805 3428 naeuius
1819 3352 2036 3443 possm
2050 3356 2104 3436 (¹)·

763 3542 816 3626 In
835 3542 1005 3632 nomine
1026 3549 1175 3623 sancte
1198 3550 1241 3622 et
1260 3542 1479 3626 individue
1500 3544 1701 3625 trinitatis
1720 3542 1873 3627 Amen.
1921 3540 2133 3644 Quoniam
2163 3531 2217 3622 ea
2247 3566 2332 3650 que

661 3685 688 3754 a
710 3658 903 3742 discretis
924 3656 1167 3743 hominibus
1188 3659 1445 3769 intempore
1468 3670 1685 3773 geruntur,
1706 3671 1921 3744 venustate
1942 3671 2099 3762 tamen,
2135 3686 2222 3769 que
2241 3685 2333 3741 ma·
2473 3699 2477 3708 ·

661 3785 727 3858 ter
747 3774 968 3859 oblivionis
990 3784 1067 3882 est,
1086 3777 1406 3883 interveniente,
1424 3780 1567 3888 sepius
1589 3776 1895 3889 (deducuntur
1925 3780 1969 3860 in
2000 3803 2195 3881 errorem,
2216 3775 2331 3858 Hinc

472 3919 477 3932 ’
546 3959 553 3976 ,
612 3903 730 4002 ἰθεῖ
750 3893 868 4004 quod
888 3919 967 3976 nos
988 3892 1046 3977 H.
1071 3892 1125 4006 (¹)
1150 3895 1218 3979 dei
1239 3900 1390 4008 gracia
1411 3897 1496 3980 dux
1517 3894 1672 3978 Zilesie
1694 3904 1737 3977 et
1756 3895 1932 3980 Polonie
1952 3896 2114 3980 Notum
2139 3921 2236 3976 esse
2256 3920 2333 3978 vo·

660 4010 800 4094 lumus
820 4011 1040 4118 universis,
1061 4022 1151 4098 tam
1170 4013 1442 4124 presentibus
1479 4041 1611 4125 quam
1631 4012 1783 4116 futuris
1818 4015 1932 4096 hano
1962 4015 2168 4126 paginam
2188 4013 2333 4121 inspe-
2411 4071 2418 4107 ,

764 4210 808 4291 (Ι)
829 4208 1061 4309 Apogrephon
1073 4185 1141 4276 boc
1158 4234 1177 4276 a
1191 4208 1389 4276 doctissimo
1405 4208 1556 4295 Josepho
1571 4209 1796 4278 Lebkowscio
1810 4211 2032 4297 ¹descriptum¹
2043 4221 2077 4277 et
2092 4211 2162 4277 sine
2178 4208 2253 4274 ullis
2269 4228 2331 4272 no·

657 4295 702 4361 tis
717 4294 816 4362 nobis
832 4292 995 4361 Orsoovra
1008 4296 1239 4361 transmissum
1258 4305 1319 4375 est,
1350 4294 1435 4359 utin
1452 4293 1690 4381 Codiceprelo
1716 4295 1859 4361 daretur.
1882 4296 2104 4382 Archetypou
2128 4296 2273 4377 fortasse
2298 4292 2332 4356 in

656 4379 860 4447 monasterio
877 4379 1143 4466 Szczyrzyeensi
1157 4387 1371 4444 asservatum.
1385 4376 1591 4445 Lebkowski
1607 4379 1708 4446 multa
1720 4379 1907 4468 privilegia,
1923 4402 2007 4465 quoe
2022 4381 2057 4444 in
2073 4402 2134 4448 suo
2149 4402 2210 4478 per
2225 4376 2331 4446 Galli·

583 4481 589 4493 ’
659 4463 743 4527 ciem
758 4463 798 4529 de
813 4465 1035 4530 monumentis
1050 4461 1211 4528 Poloniae
1225 4461 1398 4530 historicis
1414 4464 1500 4530 bene
1516 4467 1633 4531 merito
1649 4465 1778 4548 itinere,
1800 4464 1835 4530 in
1849 4466 1950 4531 variis
1965 4465 2177 4530 monasteriis
2192 4463 2329 4528 invene·

657 4554 720 4627 rot,
735 4546 879 4611 maximo
896 4569 970 4612 cum
987 4547 1098 4614 studio
1114 4556 1181 4613 eto
1208 4570 1265 4626 era
1279 4545 1471 4635 descripsit,
1487 4558 1524 4614 ut
1544 4549 1749 4617 illustrandis
1764 4550 1958 4616 domesticis
1970 4548 2071 4616 rebus
2086 4548 2192 4637 gestis
2217 4549 2329 4612 inser·

656 4628 776 4694 virent
798 4629 912 4776 zerbo
925 4633 1021 4730 uncis
1036 4570 1205 4701 inclusaii

657 4733 810 4946 Ξὶζμὸς
823 4723 992 4948 ἕεξιῗῗὲἓ
1008 4797 1299 4952 ἀίοιιιιεῖἓὸαὼαὶυέ
1312 4803 1586 4873 Vretisleviensis
1602 4804 1679 4888 dux,
1695 4803 1748 4868 vir
1762 4802 1797 4881 S,
1812 4800 1989 4890 Heduigis,
2003 4812 2096 4868 tutor
2104 4798 2250 4868 Boleslai
2265 4799 2315 4866 Pu

724 4899 752 4963 s,
766 4901 822 4946 mo
857 4899 917 4949 uus
933 4903 951 4948 e
995 4903 1081 4948 anno
1174 4933 1183 4952 .
1340 4905 1347 4924 ¹

1208 4632 1392 4732 ebkowsoii
1408 4643 1495 4717 sunt,
1512 4637 1606 4721 cnjus
1623 4638 1722 4702 etiam
1743 4643 1870 4702 suntet
1885 4635 1981 4723 signa
2009 4628 2282 4721 interrogationis
2297 4629 2332 4696 in
