5409 6309
1189 840 1634 971 ''dsu-

656 1068 845 1145 nonnam
885 1080 1022 1137 novae
1063 1047 1322 1131 fundationis
1341 1046 1389 1128 in
1409 1044 1600 1133 sonaim
1631 1036 1687 1156 (ἢ
1716 1046 1761 1127 in
1791 1043 1915 1128 mstis
1953 1044 2115 1131 Tenue
2154 1056 2328 1135 nostrae

659 1173 953 1263 Orscovieusis
975 1178 1018 1253 ot
1037 1166 1204 1252 Incolas
1225 1169 1269 1249 in
1291 1194 1345 1249 ea
1364 1165 1572 1275 degentes
1594 1191 1671 1273 pro
1693 1163 1982 1251 consolatione
2012 1166 2233 1276 ipsorum,
2256 1170 2330 1280 qui

658 1300 854 1405 protunc
876 1291 921 1370 in
941 1290 1037 1399 ipsa
1066 1284 1222 1370 fuerint
1248 1284 1424 1395 speciali
1440 1288 1488 1365 iu
1509 1308 1586 1364 suo
1609 1281 1714 1367 Jure
1737 1281 1880 1364 debite
1900 1282 2078 1367 limitato
2101 1310 2329 1370 corrservs·
2410 1298 2421 1325 ⁸

533 1483 536 1489 ,
657 1440 704 1496 ne
722 1411 935 1509 volentes,
962 1407 1154 1516 gratiose
1186 1427 1352 1487 exnunc
1373 1399 1456 1485 Jus
1479 1400 1795 1484 Thsutonicum
1816 1400 1933 1511 quod
1954 1398 2335 1515 Msyldeourgenoe‘

659 1530 823 1631 dicitur,
842 1553 932 1636 quo
953 1525 1116 1636 gaudet
1139 1522 1302 1608 Oivitas
1323 1529 1471 1604 nostra
1492 1518 1808 1618 Cracoviensis,
1841 1522 1938 1600 cum
1959 1519 2118 1607 Laneis
2139 1520 2347 1607 Franco--

647 1648 765 1731 uicis
786 1645 947 1728 ibidem
957 1641 1279 1744 mensurandis,
1312 1636 1464 1721 damus
1495 1637 1657 1721 eisdem
1687 1636 1902 1746 perpetuis
1934 1639 2195 1748 temporibus
2225 1639 2330 1723 inibi

585 1826 588 1843 .
660 1766 926 1864 duraturum,
962 1759 1248 1844 Removentes
1282 1755 1442 1840 ibidem
1457 1844 1463 1856 ,
1478 1760 1620 1840 omnia
1655 1753 1764 1836 Jura
1799 1755 2076 1861 Polonicalia,
2113 1759 2263 1843 modos
2283 1769 2337 1840 st·

659 1881 986 1968 consuetudines
1021 1879 1263 1982 universas,
1301 1902 1415 1983 quae
1448 1878 1588 1984 ipsum
1619 1871 1701 1955 Jus
1723 1873 2039 1958 Tbeutonicum
2059 1877 2327 1985 perturbare

660 2007 981 2086 consueverunt.
1033 1996 1265 2080 Eximimus
1301 1997 1535 2102 insuper-et
1554 2002 1758 2101 perpetuo
1795 1992 2025 2078 liberamus
2045 1993 2337 2102 Advocatum·

662 2119 889 2219 Consules,
931 2113 1142 2199 Scabinos
1165 2125 1209 2195 et
1229 2140 1373 2199 omues
1392 2109 1563 2199 ,Incolss
1596 2110 1792 2196 Civitatis
1813 2120 1985 2195 nostrae
2005 2114 2251 2220 praedictas
2271 2115 2328 2199 ab

545 2256 554 2269 “
662 2236 857 2322 omnibus
899 2232 1098 2335 duribus,
1140 2231 1539 2331 Jurisdictionibus,
1580 2228 1868 2338 potestatibus
1890 2233 2101 2340 st'posnis
2125 2233 2330 2336 'omnium

594 2406 596 2416 ι
659 2354 968 2457 Palatinorum,
1005 2350 1363 2452 castellanorum,
1398 2346 1622 2452 dudicum,
1661 2346 1941 2433 Subiudicum
1973 2347 2113 2461 Regni
2134 2352 2267 2455 nostri
2288 2363 2338 2433 et
2480 2420 2487 2435 .

659 2469 994 2569 Mirristerialium
1030 2469 1282 2573 eorundem,
1312 2469 1375 2550 ita
1406 2468 1522 2575 quod
1544 2492 1687 2550 coram
1707 2469 1810 2577 ipsis
1821 2466 1900 2549 vel
1924 2495 2069 2551 eorum
2091 2468 2234 2579 aliquo
2246 2497 2334 2578 -pro

548 2578 551 2583 ’
587 2672 591 2679 χ
638 2590 991 2700 ⁴quibuscunque
1011 2587 1168 2691 Causis
1189 2597 1277 2669 tam
1299 2587 1468 2697 mugnis
1492 2578 1805 2694 qusmparvis,
1825 2590 1945 2694 puta:
1964 2584 2076 2691 Ars,
2097 2590 2337 2699 sanguinis,
2395 2582 2399 2587 ⁴

662 2710 888 2817 homicidy,
909 2704 1106 2816 incendy,
1127 2704 1415 2810 membrorum
1446 2704 1799 2808 mutilationibus,
1822 2712 1865 2786 et
1885 2705 1978 2814 alys
1999 2705 2333 2816 quibuscunque

664 2828 794 2928 citati,
815 2826 984 2915 minime
1006 2823 1287 2934 respondere,
1309 2833 1386 2905 aut
1404 2823 1581 2932 aliquas
1595 2840 1759 2931 poenas
1779 2823 1940 2906 solvere
1961 2823 2239 2925 tenesmum,
2252 2824 2336 2913 sed

662 2955 831 3029 tantum
851 2943 1023 3027 Incolae
1046 2970 1190 3025 coram
1210 2943 1454 3043 Advocato,
1477 2938 1756 3044 Consulibus,
1789 2939 1986 3025 Scabinis
2006 2942 2191 3051 ipsorum
2214 2940 2329 3027 Oivi·

593 3060 619 3091 ·”
663 3065 762 3157 tatis
776 3061 975 3146 Civitatis
985 3058 1086 3175 (sic)
1097 3070 1267 3143 nostrae
1288 3056 1529 3168 praefatae,
1551 3059 1627 3167 qui
1646 3085 1722 3167 pro
1743 3067 1940 3168 tompore,
1951 3057 2116 3164 fuerint,
2132 3059 2333 3145 Advoca-

662 3192 729 3273 tus
751 3205 877 3281 vero,
888 3176 1114 3281 Consules,
1132 3176 1309 3262 Scabini
1328 3186 1588 3259 memoratae
1609 3187 1780 3259 nostrae
1814 3176 2009 3261 Civitatis
2031 3206 2174 3279 coram
2197 3176 2332 3281 nobis,

663 3300 762 3380 dum
783 3307 926 3378 tamen
946 3323 1024 3404 per
1042 3297 1205 3380 literam
1228 3304 1420 3377 nostram
1441 3294 1607 3377 evocati
1627 3292 1801 3397 fuerint,
1821 3306 1924 3378 tuuc
1948 3296 1998 3379 de
2015 3324 2061 3379 se
2078 3296 2331 3408 quseurlsn·

606 3485 610 3491 .
662 3415 776 3497 tibus
798 3439 875 3496 suo
895 3412 1165 3528 nihilominus
1188 3412 1298 3496 dure
1321 3412 1559 3496 Teutonico
1591 3410 1954 3524 Maydeburgensi
1973 3416 2234 3523 respondere
2249 3418 2333 3498 sint

663 3532 867 3621 adstricti
919 3531 971 3614 Iu
992 3530 1146 3616 Gensis
1183 3540 1325 3612 autem
1340 3520 1661 3649 JOriminalibus
1684 3539 1728 3613 et
1750 3532 2002 3640 capitalibus
2034 3536 2227 3641 superius
2259 3561 2331 3615 ex·
2407 3578 2410 3583 >

660 3652 839 3762 pressis,
877 3646 1122 3750 Advocato,
1161 3647 1356 3733 Scabiuis
1381 3657 1423 3729 et
1444 3640 1699 3733 Consulibus
1716 3648 1933 3734 ‘Civitatis
1970 3661 2143 3735 nostrae
2161 3651 2331 3762 praedi·

662 3782 757 3853 ctae
783 3766 1059 3853 Scavinensis
1076 3766 1308 3870 iudicandi,
1331 3767 1693 3866 sententionandi,
1723 3769 2036 3851 condemnandi
2057 3778 2099 3852 et
2117 3769 2328 3879 puniendi,

661 3890 835 3997 plenam
866 3892 910 3965 et
941 3883 1223 3968 omnimodam
1265 3886 1540 3970 concedimus
1579 3880 1870 3989 facrdtstern,'³
1899 3892 2029 3997 prout
2069 3890 2206 3997 ipsum
2247 3886 2328 3970 dus

633 4004 977 4089 'Theutonicum
1020 4003 1391 4117 Maydeburgense
1411 4004 1457 4085 iu
1478 4003 1673 4086 omnibus
1710 4008 1796 4087 suis
1834 4006 2034 4089 clausulis
2066 4006 2311 4123 postulate
2446 4068 2452 4077 .

664 4119 852 4229 requirit.
904 4114 1132 4206 Praeterea
1168 4118 1395 4231 statuimus
1417 4132 1465 4204 ut
1487 4120 1538 4205 de
1562 4114 1757 4209 omnibus
1793 4110 1952 4207 Laueis
1976 4104 2312 4236 ‘quicquid'spic
2402 4182 2406 4188 -

663 4239 890 4324 habuerint
908 4242 1019 4322 intra
1037 4242 1190 4324 limites
1228 4243 1369 4323 dictae
1408 4236 1624 4344 Civitatis,
1661 4238 1862 4325 videlicet
1883 4242 1937 4325 ab
1960 4245 2042 4325 ists
2063 4254 2185 4352 parte
2214 4243 2332 4353 fluvy

663 4359 765 4446 dicti
786 4357 978 4453 Skaror'uu
995 4386 1144 4445 versus
1167 4358 1420 4451 Cracoviam
1440 4385 1518 4466 per
1537 4359 1724 4447 mediam
1752 4389 1940 4453 marcam
1959 4361 2148 4451 Polonici
2170 4365 2331 4448 numeri

661 4482 825 4595 ratione
861 4476 1029 4564 Census
1063 4477 1188 4566 nobis
1212 4488 1255 4561 et
1274 4477 1431 4581 nostris
1454 4474 1803 4583 Successoribus,
1818 4480 1987 4589 ratione
2020 4507 2119 4565 vero
2143 4480 2333 4567 decimae

662 4624 739 4689 sex
758 4604 900 4679 scotos
921 4623 1165 4707 grossorum
1196 4595 1480 4707 Prsgonsium
1510 4597 1693 4708 singulis¹
1720 4601 1845 4687 anuis
1863 4599 1908 4681 in
1927 4598 2054 4705 Essto
2075 4597 2201 4687 Beati
2221 4597 2333 4687 Mar-

662 4716 739 4813 tini
761 4711 1046 4817 Confessoris,
1068 4715 1139 4798 cui
1160 4714 1212 4799 de
1232 4714 1341 4811 Jure
1362 4712 1797 4821 debuerint‘,·,solvere
1818 4717 1904 4804 sint
1923 4718 2127 4821 subtristi.
2179 4710 2247 4803 Ab
2260 4717 2336 4817 ale

766 4972 805 5053 (²)
831 4970 990 5055 Stamina,
1007 4970 1164 5057 oppidum
1180 4959 1371 5058 parochiale
1387 4974 1421 5039 in
1437 4973 1660 5043 cracoviensi
1669 4975 1888 5062 regiensiu-
1899 4999 1938 5043 as
1952 4978 2045 5055 rsus,
