5409 6309
1088 832 1138 850 -
1196 793 1368 868 inl-

388 993 435 1062 ad
448 1001 592 1060 montem
599 991 787 1082 Zur-umus
801 988 846 1055 ad
859 998 1003 1058 montom
1019 990 1109 1078 Vpllz
1130 988 1297 1070 wlgarltsr
1322 987 1525 1054 nominatum
1540 1008 1605 1072 qne
1620 988 1702 1055 silve
1715 981 1897 1062 existeiiles
1913 1012 1954 1062 ex
1969 1006 2059 1078 utra·

386 1088 561 1229 pne-parte
577 1074 868 1177 flssyilspsstmffl
882 1097 959 1176 cuin
976 1074 1129 1173 omnibus
1144 1073 1343 1172 utilitatibus
1361 1072 1536 1157 mellificijs
1552 1094 1611 1139 seu
1625 1077 1845 1157 proventibus
1865 1079 2011 1165 ipsarum
2026 1091 2059 1148 et

386 1156 2062 1331 tilrtftlptl‘liiltiltlgii'ii‘lllililltltll<tullili⁶iliilltillit

387 1332 554 1397 fratribus·
567 1329 748 1414 eorundem
763 1327 805 1392 ad
820 1349 916 1411 quam
932 1328 1039 1394 nullus
1054 1330 1191 1394 fratrum
1206 1328 1356 1412 ipsorum
1369 1324 1471 1392 habet
1488 1327 1706 1410 respectum.”
2087 1339 2092 1344 '

493 1413 653 1480 Tabulam
678 1411 939 1480 confirmationis
970 1413 1124 1481 Casimiii
1138 1434 1206 1476 non
1221 1411 1326 1477 edidit
1341 1410 1570 1476 Muczlrowski
1586 1410 1693 1475 Tomo
1709 1403 1735 1492 L
1759 1434 1944 1500 quanquam
1958 1415 2059 1484 edere

384 1499 474 1566 illam
515 1499 658 1566 ollicitus
675 1506 729 1563 est
743 1497 834 1574 (vide
849 1498 1097 1562 annotationem
1111 1498 1248 1580 primam
1263 1495 1429 1580 privilegii
1452 1497 1503 1561 ΝΟ.
1518 1495 1600 1561 LIX
1614 1517 1691 1580 pag.
1708 1499 1781 1580 104,
1802 1498 1901 1566 Tomi
1939 1500 2038 1580 rimi).

430 1601 432 1608 ·
524 1592 717 1667 rausumpta
730 1581 893 1647 Vladislai
906 1581 1090 1668 lagellonis
1113 1588 1148 1646 et
1169 1583 1260 1665 regis
1276 1578 1431 1648 Casimiri
1444 1580 1555 1672 magni
1570 1588 1752 1662 sequuntur
1767 1604 1808 1646 ex
1821 1584 1920 1652 Mucz
1948 1585 2063 1652 owscii

290 1693 324 1702 ··
392 1667 598 1754 apographo.

493 1754 586 1817 1428.
606 1751 647 1816 In
661 1747 794 1817 nornine
810 1750 934 1818 domiui
948 1772 1053 1814 amen.
1067 1747 1135 1816 Ad
1148 1757 1342 1833 perpetuam
1357 1747 1407 1815 rei
1421 1749 1611 1816 memoriam
1628 1748 1678 1813 Ne
1694 1749 1984 1818 erroroblivionis
1998 1776 2060 1840 ge·

351 1865 359 1870 ·
389 1835 451 1901 stis
467 1835 528 1901 sub
544 1845 695 1921 tempore
710 1834 920 1900 versantibus
935 1835 1151 1917 imposterum
1192 1834 1277 1898 arist
1298 1833 1497 1900 detrimenta
1511 1833 1577 1897 alta
1591 1855 1706 1919 regum
1723 1842 1755 1916 et
1769 1834 1958 1920 principum·
1972 1835 2059 1904 Con·

388 1918 462 1984 silia
478 1919 697 1985 decreverunt
712 1941 751 1983 ea
763 1918 931 1983 literarum
946 1917 1095 2003 apicibus
1111 1923 1145 1981 et
1161 1856 1313 1982 Testium
1342 1919 1562 1990 annotatione
1592 1916 1791 2002 perhennari
1806 1943 1847 1984 iie
1861 1920 1956 2003 lapsu
1977 1929 2060 1985 tem·

385 2002 481 2089 poris
497 2012 706 2070 evanescant
728 2002 875 2068 Proinde
891 2024 954 2067 nos
975 2000 1173 2066 Wladislaus
1189 2001 1243 2067 dei
1257 2002 1372 2088 gracia
1384 2002 1618 2072 RexPoloni'e.
1640 2024 1702 2066 nec
1719 2025 1787 2066 non
1802 2012 1966 2069 terrarum
1978 2003 2061 2071 Cra·

388 2087 495 2153 cowie
513 2088 751 2174 Sandomyrye.
792 2086 932 2172 Syradie
948 2086 1100 2151 Lancitie
1118 2084 1287 2172 Cuijawye
1303 2085 1488 2153 Lithwauie
1503 2087 1850 2172 princepssupremus
1871 2090 2062 2172 pomeranie

387 2172 572 2257 Russieque
590 2172 740 2242 dominus
756 2179 790 2236 et
803 2171 902 2236 heres
918 2180 982 2236 eto.
1006 2169 1238 2257 significamus
1253 2178 1371 2236 tenore
1386 2169 1731 2256 presencium'quibus
1747 2171 1883 2256 expedit
1897 2173 2062 2238 universis

387 2257 598 2342 presentibus
616 2266 650 2322 et
663 2256 783 2321 futuris
833 2255 1017 2320 reseneium
1043 2254 1201 2320 noticiam
1225 2252 1399 2338 habituris,
1419 2255 1587 2339 quomodo
1603 2255 1638 2319 in
1653 2265 1767 2321 nostre
1782 2256 1967 2322 Maiestatis
2005 2280 2062 2322 re·

388 2340 503 2405 aeneia
530 2342 713 2411 Constituti
738 2340 804 2405 nob
833 2345 860 2405 's
886 2339 1037 2426 Philipus
1057 2337 1199 2404 Radwan
1215 2339 1255 2403 de
1270 2340 1454 2429 Buzcszpny
1467 2348 1501 2406 et
1517 2339 1712 2407 confratres
1729 2340 1965 2427 suiRadwany
2005 2342 2062 2407 'cti
2119 2371 2125 2389 =

387 2423 501 2490 fideles
518 2427 624 2491 nostri
638 2425 752 2491 dilecti
766 2424 933 2507 quoddam
962 2423 1079 2510 privile
1106 2424 1172 2488 iuni
1202 2423 1415 2489 Serenissimi
1429 2423 1591 2508 principis
1607 2422 1767 2487 Kazimiri
1782 2425 1885 2510 Regis
1901 2425 2061 2491 Poloniae

388 2507 464 2573 dive
478 2511 636 2575 memorie
651 2508 903 2595 predecessoris
919 2509 1028 2574 nostri
1041 2446 1140 2573 nobis
1155 2506 1347 2574 obtulerunt
1362 2508 1544 2574 instaneius
1560 2529 1598 2574 au
1646 2506 1785 2575 licentes
1799 2520 1965 2592 quatenus
1976 2510 2061 2595 ipsis

269 2619 273 2625 ¹
340 2635 345 2643 -
387 2593 512 2657 dictum
526 2594 736 2693 privilegium
751 2594 919 2658 exiiinata
942 2603 1058 2660 nostre
1084 2592 1291 2659 celsitudinis
1321 2592 1512 2674 clemencia,
1527 2593 1597 2672 rati
1621 2615 1710 2673 aare,
1728 2594 1915 2679 approbare
1932 2602 1966 2660 et
1981 2616 2061 2660 con·

387 2677 515 2826 {iplmare
546 2678 768 2767 dignaremur.
806 2677 909 2745 Cuius
940 2673 1073 2762 quidem
1100 2677 1271 2768 privilegij
1290 2686 1390 2752 tenor
1406 2676 1449 2742 de
1465 2673 1568 2742 verbo
1584 2676 1781 2746 adverbum
1795 2679 1946 2762 sequitur
1961 2687 1995 2746 et
2010 2689 2062 2746 est

435 2785 475 2827 is·
530 2781 533 2786 ’

386 2929 559 3000 &aconis
573 2932 783 3000 Sandomirie
798 2929 926 2996 Siradie
942 2931 1101 2995 Lancicie
1117 2930 1284 3014 Cuyawye
1301 2929 1574 3012 Pomernnieque.
1591 2929 1745 2996 dontinus
1762 2939 1796 2995 et
1810 2930 1919 2996 heros.
1941 2931 2063 2999 Notum

387 3016 525 3081 facimus
551 3017 671 3098 quibus
697 3037 772 3084 esse
800 3015 901 3078 fuerit
928 3023 1136 3101 oportunum.
1174 3012 1274 3094 Quod
1297 3014 1498 3078 constitutus
1516 3034 1628 3078 coram
1643 3014 1740 3078 nobis
1757 3013 1862 3079 iidelis
1879 3025 1993 3080 noster
2004 3016 2063 3084 Ja·

355 3113 361 3126 '
387 3099 520 3164 nussius
536 3099 644 3165 dictus
658 3098 958 3181 Radwanczewycz
973 3097 1070 3163 heres
1087 3095 1127 3160 de
1152 3098 1258 3163 Trebel
1272 3095 1371 3164 nobis
1393 3094 1559 3162 humiliter
1587 3118 1648 3180 sup
1673 3097 1787 3162 licavit'
1801 3109 1837 3160 ut
1852 3098 2062 3197 privilegium

493 2847 587 2914 1356.
610 2847 648 2914 In
661 2846 764 2916 cristi
775 2846 907 2912 nomine
920 2868 1023 2910 ainen.
1039 2845 1107 2911 Nos
1121 2844 1490 2933 Kaziniirusdeigracia
1500 2845 1571 2909 Rex
1583 2846 1734 2928 Pelopis,
1746 2868 1809 2911 nec
1820 2869 1889 2912 non
1900 2856 2063 2915 terrerum
2178 2896 2187 2905 -

387 3205 488 3267 super
510 3184 727 3267 exempcione
743 3181 823 3262 (sic)
853 3181 1168 3265 apotestatedncis
1183 3180 1539 3279 Osswyancymycnsis
1554 3203 1615 3266 per
1668 3181 1846 3267 agnificum
1875 3204 2060 3267 principem
2168 3201 2171 3206 '

387 3266 555 3331 dominum
583 3265 771 3332 Boleslaum
787 3264 842 3330 dei
856 3267 970 3351 gracia
985 3264 1101 3332 ducem
1133 3265 1387 3363 Cracowyensis
1403 3278 1437 3330 et
1452 3264 1733 3332 Sandomiriensis
1764 3266 1942 3331 Terrarum
1956 3289 2061 3332 arvum

385 3360 537 3417 nostrum
551 3351 682 3417 sincere
696 3351 851 3416 dilectum
867 3350 977 3415 datum
993 3359 1240 3417 etconcessum
1256 3349 1320 3415 sibi
1335 3348 1369 3413 di
1394 3371 1545 3415 naremur
1560 3349 1621 3415 sub
1637 3349 1703 3415 rati
1715 3350 1891 3416 habiciene
1930 3352 2060 3420 iacioss

385 3435 593 3502 confirmare.
616 3434 720 3503 Cuius
743 3433 874 3518 quidem
889 3434 1055 3522 privilegij
1073 3436 1114 3501 de
1129 3435 1234 3501 verbo
1251 3434 1294 3500 ad
1307 3372 1446 3500 verdum
1460 3442 1560 3500 tenor
1575 3435 1763 3500 dinoscitur
1779 3456 1853 3500 esse
1869 3373 1954 3500 lade.
1977 3435 2062 3519 (Huc
2107 3489 2111 3496 .

382 3519 595 3671 μίυίὶεᾶἑυπι,
611 3521 693 3606 quod
707 3520 830 3608 supra).

542 3626 558 3670 s
573 3625 655 3670 vero
670 3604 777 3689 ipsius
792 3601 940 3687 lanussij
956 3602 1053 3669 iustis
1067 3589 1293 3687 peticionibus
1309 3602 1502 3669 satisfacere
1517 3600 1670 3668 volentes
1686 3603 1806 3668 intuitu
1821 3625 1958 3670 suorum
1975 3603 2059 3671 lida·

385 3689 463 3756 lium
489 3689 706 3758 serviciorum
732 3688 829 3753 nobis
849 3688 1074 3774 impensorum
1091 3697 1124 3751 st
1139 3687 1222 3752 adue
1239 3687 1319 3768 (sic)
1337 3689 1556 3771 imposterum
1570 3686 1807 3754 exibendorurn
1823 3689 1902 3771 (sic)
1919 3688 2060 3757 sibila·
2095 3710 2099 3722 ·
2128 3723 2134 3732 ·

387 3773 500 3839 nussio
518 3782 551 3839 et
566 3774 635 3842 suis
666 3772 925 3841 Successoribus
953 3772 1124 3843 legittimis
1134 3794 1178 3864 'ac
1194 3771 1299 3858 ipsiu's
1314 3773 1573 3873 consanguineis
1589 3781 1624 3871 et
1637 3773 1836 3858 propinquis
1853 3794 1937 3872 quos
1953 3776 2062 3874 tangit
2176 3781 2181 3785 ’

315 3875 318 3888 ’
386 3879 525 3944 presens
540 3859 713 3946 negocium
729 3857 916 3944 predictum
931 3845 1141 3943 privilegium
1156 3879 1234 3921 oum
1248 3855 1387 3943 singulis
1405 3880 1472 3923 suis
1486 3856 1642 3923 clausulis
1655 3865 1690 3923 et
1701 3857 1895 3923 articulisrn
1906 3880 1981 3948 ipso
1993 3880 2061 3943 pri·

385 3941 508 4023 vilegio
538 3944 706 4010 contentis
735 3942 886 4027 presenti
914 3942 1102 4027 patrocinio
1134 3964 1207 4007 cum
1236 3941 1461 4041 appenssione
1484 3942 1590 4007 nostri
1604 3941 1739 4029 Regalis
1758 3943 1866 4029 Sigilli
1880 3942 2060 4014 liberaliter

277 4065 283 4074 ·
386 4028 627 4094 confirmamus·
663 4029 786 4095 Actum
816 4025 968 4096 Crocoioi'e
982 4030 1017 4094 in
1032 4037 1151 4092 octava
1173 4028 1270 4101 Beati
1294 4027 1416 4095 Jacobi
1445 4025 1603 4112 Apostoli
1626 4027 1724 4103 Anno
1741 4027 2060 4098 dominiMillesimo
2126 4078 2131 4082 -

332 4140 352 4167 -·
385 4112 619 4177 trecentesimo
640 4111 926 4197 ,quinquagesimo
957 4121 1052 4178 serto
1082 4113 1295 4197 presentibus
1323 4110 1478 4179 lohanne
1509 4109 1699 4186 Castellano
1730 4112 1890 4178 imbramo
1910 4111 2058 4197 palatino

386 4196 688 4280 Cracowyensibus
720 4194 913 4282 Vylcakone
944 4197 1207 4265 Sandomin'snsi
1234 4196 1393 4262 dobeslao
1416 4195 1610 4263 Visliciensi
1639 4195 1793 4262 Juhanne
1815 4195 2060 4282 Voynycyeiisi

385 4279 557 4346 Zawisoha
568 4279 775 4349 Sandecensi
790 4278 988 4348 castellanis
1015 4281 1410 4368 Andreacraeowyensi
1424 4289 1458 4347 et
1471 4278 1633 4367 Raphaele
1649 4280 1912 4350 Saudomiriensi
1926 4280 2057 4350 Subes-
2156 4348 2162 4356 ,

387 4363 585 4514 merarilijgt
600 4363 673 4516 ellip's
691 4365 840 4452 plurimis
856 4363 921 4428 fide
937 4365 1058 4454 dignis.
1079 4431 1085 4438 ,

261 4532 265 4634 ζ
384 4533 574 4621 benigniter
591 4535 746 4602 acclinati
775 4534 1050 4623 exigentibusque
1076 4533 1187 4620 dignis
1213 4538 1364 4618 ipsorum
1388 4533 1532 4604 fidelium
1556 4535 1684 4602 meritis
1703 4533 1829 4600 dictum
1847 4532 2060 4620 privilegiata

488 4789 523 4853 (⁸)
539 4790 613 4839 Loca
631 4787 683 4838 hn'e
702 4795 847 4839 memorata
864 4795 940 4839 erant
957 4788 1022 4838 olim
1039 4789 1091 4838 sita
1102 4788 1137 4839 ad
1149 4779 1221 4853 ripas
1231 4788 1346 4839 fluminis
1366 4789 1475 4842 &omae
1485 4800 1519 4856 at,
1532 4796 1571 4844 uti
1587 4794 1755 4862 privilegium
1766 4794 1823 4843 *hoe
1834 4797 1954 4842 nonnam
1973 4791 2058 4853 docet,

384 4871 467 4921 nequa
483 4859 519 4908 ad
529 4865 612 4908 mama
624 4855 775 4921 Huugariae
786 4857 1018 4923 protendebantur.
1040 4855 1136 4908 Slawa
1147 4872 1218 4918 varo,
1236 4858 1275 4907 uti
1284 4858 1340 4922 jani
1352 4867 1431 4911 antea
1442 4862 1570 4924 diximus,
1582 4862 1677 4914 ilarius
1689 4870 1731 4914 sat
1739 4876 1836 4929 parcas
1846 4860 1926 4911 hodie
1937 4860 1967 4910 in
1974 4871 2060 4923 ragno

384 4925 524 4985 Gallieiae,
537 4926 612 4989 eujus
624 4925 684 4975 tona
696 4927 724 4976 in
736 4926 868 4978 montibus
881 4925 1038 4990 Carpaticin
1050 4939 1132 4994 prope
1143 4926 1232 4978 villam
1243 4924 1410 4994 Spytkoica'ce.
1501 4932 1511 4944 '
2010 4959 2012 4964 «

480 5007 561 5051 romu
573 5007 614 5047 111.
672 5071 675 5080 Ι
1909 5005 1950 5074 16

654 4473 694 4516 os
716 4452 827 4533 itaque
848 4450 1072 4534 peticionibus
1094 4450 1257 4524 dictorum
1279 4431 1444 4515 Nobilium
1469 4462 1625 4534 tanquam
1639 4448 1736 4515 iustis
1752 4457 1786 4514 et
1799 4446 2058 4516 racionabilibus
2180 4449 2184 4456 ’
