5409 6309
1351 781 1767 897 -ess-

655 1032 781 1121 villae
802 1029 1048 1140 vulgariter
1085 998 1245 1143 dictae,
1283 1027 1396 1110 dicto
1433 1025 1575 1140 Zegnt
1557 1030 1634 1113 tha
1670 1030 1980 1113 contumaciter
2014 1058 2060 1114 se
2096 984 2326 1141 absentare

371 1212 376 1223 .
638 1180 782 1259 super
802 1148 1008 1258 petitione
1032 1147 1119 1228 dict
1106 1156 1241 1229 torum
1261 1144 1447 1231 Abbatis
1469 1156 1515 1228 et
1538 1150 1625 1230 eius
1658 1146 1927 1251 Conventus
1964 1145 2071 1232 dure
2106 1151 2326 1258 suadente,

357 1318 363 1323 -
506 1343 508 1347 ,
655 1268 802 1351 habito
826 1265 1104 1350 Sacramenta
1128 1252 1355 1372 corporali,
1378 1294 1404 1347 a
1407 1274 1508 1376 tque
1531 1292 1661 1374 super
1682 1265 1748 1347 his
1770 1265 1916 1352 habito
1939 1264 2124 1369 Consilio
2148 1267 2325 1380 Sapien-

656 1395 767 1489 turn,
787 1384 871 1467 Dei
889 1384 1058 1467 nornine
1079 1386 1298 1487 invocato,
1338 1383 1558 1491 praedicto
1580 1382 1744 1467 Abbati
1765 1385 1917 1469 eteius
1940 1361 2181 1470 Conventui
2201 1388 2326 1472 villae

654 1503 847 1614 praedict
851 1530 901 1583 ae
936 1502 1145 1615 Loprrsznu
1181 1502 1511 1612 (possessionem
1542 1503 1704 1587 ratione
1727 1502 1947 1585 custodiae
1969 1511 2013 1583 et
2031 1502 2243 1611 tenutam)
2264 1516 2327 1590 te·
2339 1574 2344 1581 .
2383 1603 2386 1607 ,
2424 1502 2428 1507 ’
2499 1550 2502 1555 <
2534 1500 2543 1507 ’

424 1652 426 1656 ’
516 1702 519 1707 ,
656 1648 759 1704 nore
764 1623 1066 1729 praesentium
1088 1619 1376 1735 assignamus,
1392 1617 1576 1703 vobiset
1558 1628 1777 1702 tvestrum
1800 1619 1976 1705 cuilibet
1996 1618 2182 1704 districte
2202 1618 2358 1761 prae·-v

658 1740 873 1849 cipiendo,
895 1750 938 1820 et
956 1740 1001 1820 in
1021 1739 1129 1821 virtu
1102 1746 1175 1819 ute
1132 1734 1386 1820 tSanctae
1403 1736 1673 1841 obedientiae
1696 1765 1746 1819 ac
1760 1737 1849 1821 sub
1882 1741 2328 1827 excommunicationis

658 1885 816 1966 poena,
839 1855 1058 1941 Canonica
1078 1856 1211 1938 monit
1213 1855 1308 1937 ione
1327 1857 1581 1965 praemissa,
1602 1884 1680 1942 sex
1699 1857 1862 1939 dierum
1872 1884 2085 1966 ,quarum
2106 1857 2331 1947 donadus-
2475 1908 2483 1923 ι
2517 1936 2522 1947 .

656 2003 733 2083 ιιιο
755 1977 909 2084 prima,
947 1973 1049 2056 alios
1086 1973 1193 2055 duos
1231 1971 1321 2054 dies
1356 1999 1439 2084 pro
1465 1975 1674 2078 secunda,
1697 1984 1740 2056 et
1757 1973 1942 2081 reliquos
1980 1975 2088 2057 duos
2124 1977 2326 2060 continue
2369 2076 2371 2079 ¹

658 2121 821 2205 sequen
823 2101 900 2174 tes
886 2118 984 2201 ιιιο
1005 2091 1131 2173 tertia
1139 2119 1304 2201 ,quam
1325 2117 1401 2175 vos
1424 2101 1467 2172 et
1486 2036 1675 2175 restruni
1691 2092 1985 2220 quemlibet
1973 2118 2188 2175 incurrere
2209 2093 2327 2177 volu·

657 2236 751 2292 mus
786 2213 879 2319 ipso
915 2210 1049 2312 facto,
1072 2209 1107 2290 si
1128 2210 1340 2289 mandatis
1376 2209 1617 2294 huiusmodi
1649 2186 1824 2293 obedire
1844 2212 1930 2291 non
1951 2202 2198 2293 curaveritis
2230 2238 2329 2295 cum
2388 2229 2409 2284 ’.

659 2326 835 2433 effectu,
870 2327 1044 2410 firmiter
1080 2327 1285 2411 mandant
1268 2336 1331 2411 tes
1363 2336 1579 2433 quatenus
1602 2355 1699 2409 cum
1719 2337 1909 2410 vestrum
1941 2326 2120 2439 quilibet
2138 2329 2328 2439 requisiti

523 2536 527 2549 ,
658 2445 820 2559 tueritis
856 2444 1132 2555 personaliter
1158 2443 1480 2527 descendentes
1517 2445 1773 2528 authoritate
1795 2456 1961 2548 nostra,
1994 2461 2082 2555 qna
2100 2444 2328 2557 fungimur,

659 2550 970 2671 possessionem
995 2571 1037 2644 et
1057 2571 1248 2645 tenutam
1274 2562 1413 2645 modo
1448 2564 1668 2672 praedicto
1700 2563 1830 2646 villae
1864 2561 2082 2676 praefatae
2119 2563 2328 2674 Loposmn

661 2681 775 2767 dicto
807 2681 964 2766 Abbat
937 2689 1033 2764 ttre
1015 2672 1295 2765 tOonventui
1326 2681 1379 2761 de
1402 2680 1565 2819 Tynciu
1595 2683 1841 2792 assignetis,
1873 2682 2077 2764 mandant
2060 2692 2123 2763 tes
2154 2681 2329 2765 firmiter
2434 2760 2440 2776 ,

661 2802 913 2883 ctdistriote
944 2827 995 2881 ac
1028 2799 1107 2898 sub
1145 2796 1595 2915 excommunicationis
1630 2827 1773 2908 poena
1807 2801 2025 2910 praedicta
2060 2825 2135 2881 sex
2166 2798 2328 2885 dierum
2407 2852 2409 2857 ·

562 2940 565 2951 '
661 2915 897 3003 Canonioa
913 2917 1140 3002 monitione
1177 2906 1431 3026 praemissa,
1468 2900 1665 3003 omnibus
1698 2922 1749 2999 et
1770 2917 1948 3027 singulis
1985 2914 2262 3002 Ometonibus
2285 2916 2356 3000 et.

657 3036 845 3123 Incolis
834 3068 877 3120 ιιι
899 3035 1048 3119 eadem
1070 3034 1178 3117 Villa
1197 3038 1427 3145 Loprisrno,
1440 3065 1487 3118 Aa
1496 3037 1779 3121 monitione...
1784 3062 1888 3120 .vos
1904 3035 2041 3139 facta,
2061 3035 2142 3118 ιιι
2131 3064 2173 3116 ιιι
2194 3034 2329 3123 emni-

532 3154 537 3166 ’
660 3157 740 3243 bus
761 3156 885 3239 licitis
908 3155 1152 3241 ethonestis
1176 3156 1263 3236 dict
1247 3167 1288 3238 ιο
1310 3152 1539 3239 Abbatiet
1521 3157 1649 3237 teins
1671 3153 1912 3238 Conventui
1933 3152 2155 3257 obediant,
2174 3150 2330 3252 etnullr

661 3276 744 3381 aly,
765 3303 817 3356 ac
838 3273 948 3357 dura
979 3273 1120 3358 omnia
1143 3271 1288 3355 debita
1309 3273 1423 3356 dicto
1441 3269 1607 3355 'Abbati
1628 3279 1671 3353 et
1692 3270 1932 3357 Conventui
1966 3269 2186 3375 faciendo,
2224 3268 2327 3355 alios

660 3397 670 3415 ‘
658 3388 774 3477 sro's
797 3418 942 3476 omnes
964 3400 1008 3473 et
1027 3388 1221 3500 singulos
1252 3388 1480 3477 Ometones
1500 3399 1545 3473 et
1565 3391 1732 3474 Incolas
1763 3399 2022 3474 memoratae
2051 3390 2175 3480 villae
2207 3415 2328 3472 man·

658 3423 736 3596 <iat
718 3521 770 3599 ιο
798 3508 1070 3593 huiusmodi
1058 3534 1103 3589 ιιι
1124 3506 1326 3595 obedient
1308 3516 1372 3590 tes
1395 3517 1439 3589 et
1458 3508 1657 3611 rebelles,
1687 3531 1796 3622 quos
1825 3524 1903 3592 nos
1935 3516 2091 3590 extunc
2110 3498 2245 3647 prout
2255 3524 2330 3588 ex·
2332 3530 2334 3537 ’

659 3656 773 3714 nunc
792 3631 836 3709 in
856 3629 922 3709 his
944 3626 1139 3737 seriptis
1144 3628 1559 3709 excommunicamus
1580 3628 1624 3706 in
1644 3627 1849 3735 Ecclesys
1879 3627 2031 3709 vestris
2051 3625 2162 3707 infra
2181 3627 2331 3723 missa·
2355 3694 2359 3701 ,

659 3777 753 3831 rum
774 3747 976 3831 solemnia
997 3746 1445 3829 excommunicatos...
1450 3745 1728 3846 .denuntiet,
1751 3771 1803 3827 ac
1822 3770 1899 3853 per
1918 3743 2022 3828 aios
2035 3730 2328 3827 Ecclesiarurn

603 3944 607 3951 ,
644 3865 772 3951 Rect
772 3891 886 3968 ores,
907 3855 993 3946 ubi
1004 3862 1233 3979 expediens
1255 3862 1464 3966 videritis,
1494 3863 1680 3945 nuntiari
1711 3862 1968 3946 authoritate
1997 3870 2142 3946 nostra
2161 3859 2329 3961 faciatis

661 3981 852 4092 Singulis
874 3979 1022 4063 diebus
1044 3981 1278 4063 Dominicis
1300 3990 1344 4063 et
1362 3979 1544 4083 festivis,
1561 3990 1650 4062 tam
1672 3980 1746 4064 diu
1768 3981 1905 4063 donec
1927 4008 1952 4062 a
1967 3970 2095 4065 nobis
2117 3977 2232 4061 aliud
2251 3978 2331 4060 ha·

660 4099 871 4199 bueritis
859 4129 903 4181 ιιι
923 4098 1148 4181 mandatis.
1199 4098 1267 4184 De
1298 4097 1547 4181 executione
1577 4105 1720 4181 autem
1739 4127 1816 4210 per
1835 4125 1923 4181 vos
1934 4097 2070 4202 facta,
2091 4096 2242 4180 vestris
2266 4093 2333 4179 si-

661 4194 773 4329 gillis
810 4217 1010 4329 appensis
1043 4225 1290 4329 praesentes
1325 4216 1526 4301 reddatis
1560 4215 1749 4300 Datum
1783 4213 1995 4319 Crucooiue
2015 4214 2139 4301 Anno
2160 4213 2331 4299 Domini

660 4332 717 4422 Μ.
736 4335 868 4424 000.
881 4334 932 4423 L
951 4333 1002 4425 V
1065 4332 1227 4537 Quarto
1248 4334 1395 4422 Nonas
1417 4318 1625 4523 danuary
1715 4396 1717 4398 ψ
1787 4458 1800 4481 ,
