5409 6309
1289 766 1295 776 ’
1367 801 1415 820 ··
1472 763 1546 839 130
1597 799 1643 815 -υ

680 985 816 1072 sidem
836 977 1004 1062 iudicio.
1023 973 1068 1053 in
1089 994 1175 1080 quo
1196 966 1391 1050 volumus
1423 961 1669 1047 contentatis
1721 959 1965 1070 Propositus
1985 967 2052 1043 ter
2068 960 2114 1042 in
2134 957 2247 1044 anno
2268 987 2347 1043 ue·
2398 1011 2407 1022 -

677 1105 765 1188 niet
800 1096 855 1180 ad
888 1090 1103 1173 iudicium.
1140 1082 1344 1172 videlieet
1370 1085 1416 1163 in
1453 1092 1616 1164 octaua·
1638 1081 1812 1196 pasche.
1864 1079 1916 1161 In
1937 1087 2093 1161 octaua
2111 1075 2349 1174 ,boati-Mi*

678 1199 847 1302 chaelis.
871 1218 913 1290 et
931 1207 983 1289 Iu
1003 1214 1157 1288 octaua
1191 1201 1447 1311 Epyphanie
1485 1199 1653 1283 domini.
1689 1221 1818 1281 vnum
1843 1196 2079 1304 prandium
2113 1223 2143 1277 a
2156 1197 2341 1278 sculteto

677 1331 864 1439 recipiet.
884 1324 1054 1407 residua
1075 1323 1159 1403 duo
1179 1318 1358 1426 prandia
1378 1316 1627 1400 kmethones
1646 1322 1847 1396 tenentur
1876 1312 2077 1395 beniuole
2101 1331 2339 1422 procurare

680 1451 725 1538 Si
746 1457 890 1538 autem
910 1470 995 1526 non
1014 1439 1161 1544 ueniet
1177 1435 1394 1544 predictus
1414 1432 1673 1543 Propositus.
1708 1437 1863 1514 extunc
1891 1456 1967 1539 pro
2005 1429 2197 1539 quolibet
2214 1450 2344 1537 pesn-v

680 1569 761 1651 dio.
784 1573 882 1654 octo
902 1555 1043 1643 scotos
1079 1554 1237 1638 vsualis
1274 1551 1453 1661 argenti.
1474 1553 1543 1636 vel
1562 1575 1692 1635 vnum
1727 1548 1936 1631 fertonem
1949 1548 2049 1656 puri
2065 1549 2239 1658 argenti
2259 1546 2342 1631 sol-

678 1712 777 1767 uere
798 1707 885 1763 non
904 1676 1141 1775 obmittent.
1194 1668 1383 1753 Oeneum
1403 1670 1700 1778 supradictum
1715 1665 1895 1747 nuncius
1915 1666 2117 1772 prepositi
2135 1693 2224 1747 vna
2243 1692 2341 1746 oum

517 1865 519 1872 .
680 1801 858 1883 sculteto
881 1794 1160 1902 colligent.·et
1179 1813 1296 1873 more
1317 1785 1745 1870 eonsueto'diuident.
1792 1782 1993 1864 Decimae
2028 1809 2128 1865 vere
2160 1782 2380 1865 duorum·-

597 1987 602 1992 ,
678 1939 920 2000 mansorum
940 1907 1156 2019 predictus
1178 1905 1384 1986 scultetus
1406 1905 1707 1986 ari-ecclesiam
1729 1900 1918 1982 eiusdem
1939 1900 2123 1982 ciuitatis
2132 1897 2340 1982 Breunicic

510 2036 514 2043 ’
677 2033 832 2145 poterit
852 2027 1032 2138 elargiri.
1055 2033 1130 2104 aut
1149 2024 1410 2129 Vbicumque
1430 2019 1517 2104 sibi·
1528 2020 1740 2104 videbitur
1756 2017 1902 2100 melius
1919 2018 2132 2124 expedire.
2164 2016 2222 2096 Et
2237 2016 2341 2123 quie

678 2154 758 2235 hec
793 2145 1086 2258 prenominata
1123 2142 1274 2220 ciuitas
1312 2137 1536 2220 Bresoicia.
1561 2145 1605 2221 et
1625 2135 1707 2219 a'lia
1730 2135 1880 2219 eodem
1910 2135 2079 2217 nomine
2100 2161 2214 2216 noua
2234 2132 2340 2213 Bre-

600 2247 607 2254 ”
673 2268 806 2350 micio
822 2260 1081 2370 nuncupata.
1103 2255 1184 2338 sub
1204 2257 1328 2339 vnius
1360 2253 1528 2337 serrlteti
1558 2259 1707 2366 vigore
1738 2259 1816 2334 ‘seu
1842 2261 2055 2359 potestate
2078 2253 2163 2334 sint
2183 2250 2346 2333 consti.

592 2465 595 2470 .
675 2395 780 2467 tute.
803 2391 846 2462 et
867 2380 923 2461 ad
943 2405 1074 2460 vnum
1095 2373 1323 2457 conuenire
1342 2373 1545 2454 iudicium
1565 2372 1842 2454 tenebuntur.
1877 2380 1934 2450 et.
1948 2397 2051 2470 vna·
2065 2369 2340 2452 distinccioue
2397 2421 2400 2425 -

527 2477 532 2490 x
678 2510 724 2584 et
739 2525 824 2584 vno
845 2495 1003 2578 iudicio
1040 2491 1309 2594 scabinorum
1335 2489 1508 2596 ‚debent
1542 2487 1747 2600 equaliter
1776 2486 1967 2569 iudicari.
2018 2487 2184 2569 Dentes
2206 2487 2351 2567 eciam·
2449 2482 2454 2492 '

678 2617 817 2699 sidem
837 2613 1017 2695 sculteto
1048 2618 1206 2693 nostro.
1230 2636 1280 2688 ac
1303 2632 1379 2687 sue
1400 2607 1608 2717 legittime
1640 2604 1878 2715 posteritati
1912 2606 2086 2714 plenam¹
2104 2615 2148 2685 et
2165 2602 2342 2685 liberam

677 2725 937 2817 rolmrtatem
973 2754 1025 2811 ee
1059 2735 1332 2834 potestatem.
1370 2750 1495 2833 super
1519 2726 1613 2805 ¹hee
1650 2727 1791 2807 omnia
1830 2733 1872 2802 et
1907 2722 2076 2834 singula
2096 2722 2350 2837 supradicta.

590 2939 591 2944 a
673 2849 801 2934 bona.
837 2843 1035 2930 donandi
1073 2839 1348 2925 concedendi.
1383 2842 1611 2924 vendendi.
1624 2852 1634 2862 '
1649 2840 1948 2926 coinmutandi.
1977 2839 2047 2922 vel
2067 2807 2340 2947 quocumque

613 2983 614 2986 ‘
673 2965 848 3051 modoa
869 2989 916 3044 se
932 2961 1160 3044 alienandi.
1182 2959 1295 3056 nullo
1316 2955 1460 3044 nostro
1483 2960 1683 3042 obstante
1712 2958 2025 3067 impedimento.
2072 2952 2342 3062 Quapropter

587 3101 589 3104 ’
676 3092 727 3167 ex
748 3081 982 3166 donatione
1016 3076 1421 3186 illustris‘prineipis.
1444 3105 1497 3160 ac
1517 3071 1746 3187 magnifici·
1767 3076 1938 3184 domini,
1955 3074 2088 3158 nostri
2116 3073 2342 3155 Lestconis

675 3202 748 3284 dei¹
763 3201 910 3309 gracia
946 3196 1081 3280 Ducis
1102 3194 1380 3279 Oracouieet
1400 3193 1678 3279 Sandomirie.
1702 3221 1833 3303 quam
1854 3192 1909 3276 ob
1931 3190 2168 3276 remedium
2182 3216 2341 3298 pecca·

674 3328 815 3403 torum
827 3339 1018 3402 suorum.
1043 3314 1186 3396 domui
1205 3310 1334 3406 beate
1349 3312 1527 3423 virginis
1540 3312 1672 3392 marie
1688 3309 1800 3396 feeit.
1819 3310 2034 3395 ordinauit
2046 3317 2092 3391 et
2106 3309 2349 3393 constituu-

674 3465 726 3518 ex
747 3433 1052 3517 consuetudine
1072 3431 1173 3510 iuris
1194 3423 1473 3512 nouiforensis
1510 3430 1626 3511 ciues
1658 3428 1905 3536 supradicte
1927 3427 2111 3510 ciuitatis
2133 3424 2340 3509 Bresnieie
2486 3465 2491 3473 ·

671 3570 838 3635 necnon
861 3559 904 3632 et
919 3547 1057 3630 incole
1088 3547 1178 3628 eius
1210 3573 1295 3657 que
1325 3559 1441 3628 noua
1471 3544 1685 3627 Breunior'o
1715 3543 1964 3657 appellauit.
1986 3572 2068 3627 nee
2090 3571 2234 3629 coram
2255 3542 2349 3628 Oe·
2461 3593 2467 3606 ι

671 3671 848 3756 stellano
890 3664 1177 3748 Cracouiensi.
1213 3690 1293 3744 nec
1329 3688 1473 3748 eoram
1513 3662 1720 3746 Palatino.
1762 3691 1905 3774 neque
1944 3691 2090 3748 coram
2129 3659 2340 3744 iudicibus

672 3775 902 3869 eorundem
924 3780 1055 3863 citati.
1078 3803 1336 3889 comparere.
1356 3783 1429 3865 vel
1450 3782 1552 3863 dare
1570 3805 1779 3890 responsa
1795 3780 2069 3868 tenebuntur.
2087 3779 2166 3863 sed
2185 3777 2340 3863 solrrm-

575 3969 581 3980 .
673 3901 798 3984 niodo
829 3891 970 3981 littera
993 3898 1144 4008 'sigillo
1168 3900 1371 4008 principis
1403 3900 1588 4011 sigillata
1618 3895 1738 3982 citati
1769 3898 1870 3982 dum
1886 3897 2057 4005 fuerint.
2080 3925 2223 3982 eoram
2243 3897 2350 4008 pref·

667 4017 820 4101 aeneia
839 4015 936 4128 (sic)
956 4016 1158 4126 principis
1179 4005 1509 4124 comparebunt?
1528 4028 1576 4099 et
1605 4041 1723 4100 more
1753 4026 1970 4101 consueto.
1985 4020 2110 4102 ,sicut
2127 4018 2193 4099 ius
2215 4017 2344 4099 ciuile

669 4136 857 4247 requirit.
880 4161 1024 4218 eoram
1044 4135 1234 4217 scultetis
1256 4134 1469 4246 aliquibus
1491 4144 1535 4217 ct
1553 4133 1742 4216 scabinis
1758 4135 1863 4216 iure
1892 4135 2138 4219 theutonico
2168 4161 2342 4243 respon·

621 4342 631 4358 p
671 4255 771 4337 dere
792 4262 837 4333 et
856 4253 1000 4335 subire
1035 4253 1238 4334 iudicium
1272 4248 1544 4336 tenebuntur.
1596 4252 1694 4335 Hoc
1714 4253 2046 4337 tamen‘adiecto
2069 4250 2280 4336 articus(
2295 4245 2351 4334 nt·
2399 4245 2405 4252 ’

569 4391 576 4398 ’
670 4397 768 4453 oum
788 4398 866 4478 per
887 4370 1074 4453 litteram
1110 4365 1309 4478 principis
1346 4374 1466 4454 citati
1496 4368 1662 4452 fuerint.
1684 4397 1770 4454 non
1791 4395 1938 4454 omnes
1959 4372 2004 4453 in
2024 4371 2202 4454 termino
2226 4398 2341 4453 eom-

441 4561 446 4568 .
540 4563 544 4568 .
582 4555 587 4562 .
669 4487 896 4598 parebunt.
919 4487 998 4572 sed
1016 4489 1313 4571 tantummodo
1351 4490 1556 4571 scultetus
1593 4490 1788 4599 a'coeptis¹
1815 4514 1961 4572 secum
1983 4488 2156 4572 duobus
2173 4487 2340 4573 ciuibus

585 4671 593 4676 ,
669 4608 713 4684 in
733 4605 913 4685 termino
935 4606 996 4685 eis
1014 4605 1177 4710 prefixa
1205 4604 1422 4689 astabunt.
1467 4605 1534 4689 Ut
1553 4615 1697 4688 autem
1717 4607 1799 4688 hee
1818 4614 1965 4688 nostra
1994 4603 2266 4689 confirmacio
2289 4634 2340 4687 ao

668 4719 894 4803 innouaeio
920 4732 963 4800 et
982 4728 1123 4803 nostre
1160 4723 1305 4832 gracie
1342 4723 1525 4806 addicio.
1557 4751 1637 4804 nee
1668 4751 1753 4806 non
1787 4726 1920 4807 nostri
1956 4734 2192 4807 conuentus
2227 4723 2341 4831 prior

529 4935 532 4944 Χ
667 4835 866 4922 vendicio
887 4837 1093 4946 perhenni
1112 4839 1267 4924 robore
1285 4838 1488 4924 firmetur.
1515 4848 1559 4921 et
1577 4839 1823 4950 incorrupta
1856 4852 2117 4949 permaneat
2153 4841 2341 4951 presenti
2402 4955 2408 4961 ·
2462 4903 2465 4908 .
2539 4867 2546 4880 “
