5409 6309
1246 813 1250 826 “
1380 843 1553 916 -roa
1606 879 1654 895 -

692 1050 919 1136 bimiriensi
942 1057 985 1131 et
1003 1054 1141 1134 sancti
1160 1046 1339 1133 ffloriani
1368 1048 1412 1128 in
1451 1039 1611 1157 Clepars
1641 1043 1843 1155 prepositi
1865 1043 2005 1155 Regni
2026 1041 2219 1153 poolonie
2241 1039 2341 1152 (sic)

695 1167 1039 1276 vicecancellarij.
1124 1235 1127 1241 .

793 1392 844 1481 G.
868 1389 1246 1476 Vieecancellarius
1268 1388 1537 1498 subscripsit.
1651 1444 1660 1462 .
1920 1339 1940 1378 ⁰

1371 1627 1540 1711 Relaoio
1565 1624 1753 1708 eiusdem
1783 1622 2048 1708 Venerabilis
2070 1620 2263 1733 Gregorij
2286 1618 2340 1702 dc

1369 1743 1602 1829 chdbrauoz
1623 1743 1764 1854 Regni
1783 1741 1954 1829 Polonie
1984 1738 2339 1848 Vieccancellarijr

1378 2237 1642 2424 ccxxxi

969 2496 1440 2583 cracoviae-dte
1464 2496 1504 2581 6
1529 2494 1691 2578 aaran
1715 2491 1860 2579 1489
1882 2513 2048 2579 nuno.
2169 2527 2173 2534 ·

694 2743 832 2815 llicolaus
847 2739 885 2810 ds
900 2732 1118 2810 scestoniae.
1133 2738 1204 2827 post
1218 2752 1292 2807 anre
1306 2736 1412 2807 moris
1426 2735 1566 2822 nonan,
1588 2734 1693 2808 daton
1715 2735 1782 2827 ejn
1805 2734 1894 2807 lutri
1908 2733 2079 2807 llicolaads
2094 2734 2295 2822 Sancyysiow
2310 2733 2344 2802 et

847 2842 950 2931 nepoti
970 2838 1077 2925 solbs
1099 2838 1188 2931 cnjus
1208 2839 1326 2926 parton
1343 2853 1399 2908 rex
1421 2837 1587 2910 cuimine
1602 2838 1633 2909 in
1647 2837 1735 2909 bonis
1749 2837 1815 2909 sris
1839 2839 1962 2905 Koeiea
1983 2834 2118 2908 inantit
2132 2839 2146 2915 (
2159 2841 2182 2915 ).

796 3066 1034 3151 Kazimirus
1055 3063 1286 3175 Deigracia
1307 3062 1398 3149 Rex
1419 3061 1588 3147 Polonie
1619 3062 1803 3175 Magnus
1836 3064 1920 3150 dux
1939 3063 2165 3148 Lithvanie
2186 3061 2338 3147 Russie

692 3189 945 3297 Prussieque
982 3184 1172 3267 dominus
1204 3190 1246 3265 et
1277 3184 1399 3266 heres
1423 3188 1501 3265 eto.
1555 3182 1853 3295 significamus
1893 3193 2038 3268 tenore
2076 3186 2342 3292 presencium

694 3304 849 3419 quibus
873 3304 1041 3416 expedit
1060 3300 1276 3385 Vniuersis
1299 3298 1528 3400 Quomodo·
1545 3315 1837 3412 comparentes
1860 3329 2001 3387 coram
2021 3300 2243 3386 Maiestate
2264 3330 2341 3388 no·

637 3409 647 3476 .'
694 3435 786 3522 stra,
803 3422 1006 3510 Generosi
1027 3430 1070 3504 et
1089 3418 1262 3506 Nobiles
1298 3418 1499 3505 Nicolaus
1537 3420 1752 3532 Spuowyce
1788 3422 1840 3538 de
1863 3419 2133 3504 Szaudcwieze
2150 3419 2204 3535 (²)
2233 3419 2343 3504 Bur·

695 3543 869 3655 grabius
893 3542 1031 3626 Oastri
1050 3542 1181 3625 nostri
1203 3539 1498 3624 Oracouiensis
1520 3551 1563 3623 et
1584 3540 1840 3651 Capitoneus
1862 3539 2170 3624 Thancinensis
2191 3569 2242 3623 ex
2258 3569 2342 3623 vna

648 3703 650 3706 ¹
694 3662 894 3748 Nicolaus
917 3662 968 3744 de
991 3657 1255 3772 Sanciquijew
1279 3656 1332 3773 (³)
1354 3667 1499 3744 noster
1519 3659 1661 3744 Oastri
1680 3662 1812 3744 nostri
1840 3660 2134 3745 Oraoouiensis
2154 3658 2342 3771 Burgra=

656 3845 658 3850 ,
694 3783 789 3864 bius
813 3791 854 3862 et
876 3780 1064 3865 Thomas
1086 3774 1344 3885 Buszlowsky
1382 3805 1513 3886 nepos
1549 3782 1636 3862 eius
1658 3779 1714 3863 ab
1736 3779 1868 3864 altera
1887 3780 2093 3889 partibus,
2128 3778 2256 3862 talem
2275 3780 2338 3862 in-

692 3901 757 3983 ter
778 3926 918 4008 seper
939 3897 1121 3980 medium
1143 3895 1483 3980 Consiliariorum
1502 3908 1749 4003 nostrorum,
1771 3899 1993 3985 occasione
2016 3899 2126 3982 dotis
2157 3907 2198 3980 et
2220 3898 2341 3981 dota-

692 4019 774 4128 licij
795 4016 958 4101 Nobilis
978 4018 1099 4100 Anne
1121 4042 1320 4127 germane
1359 4015 1460 4098 dicti
1488 4016 1654 4101 Nicolai
1690 4016 2031 4131 Saucppnyewslep
2068 4027 2111 4100 et
2146 4016 2338 4129 coniugis

694 4136 856 4224 Nicolai
880 4135 1093 4247 Synoroycz
1111 4135 1394 4244 predictorum
1431 4136 1580 4220 sterilis
1602 4146 1646 4219 et
1666 4137 1756 4220 sine
1785 4138 1901 4248 prole
1938 4134 2154 4221 deffirncte
2188 4133 2339 4218 fecisse

720 4429 726 4442 ι
799 4394 838 4474 (¹)
861 4389 1078 4486 Archetypon
1093 4387 1331 4469 Staniatcensis
1346 4389 1534 4456 monasterii
1564 4390 1741 4475 proprium.
1765 4389 1925 4457 Taeniola
1948 4411 2160 4478 pergamena,
2174 4389 2282 4455 minus
2297 4389 2340 4454 ai·

721 4479 727 4491 ‘
743 4478 808 4543 lom
823 4476 912 4542 rubri
927 4473 1047 4541 colons
1061 4474 1095 4539 in
1107 4496 1184 4540 cera
1200 4473 1328 4561 vulgari
1342 4472 1491 4549 incisum,
1499 4496 1676 4562 appensum
1688 4485 1749 4542 est:
1771 4485 1995 4561 repraesentat
2006 4484 2134 4542 scutum
2148 4475 2182 4540 in
2201 4484 2341 4559 quatuor

719 4561 836 4628 ivisum
850 4572 970 4647 partes,
986 4558 1153 4645 inquibus
1178 4559 1319 4624 invicem
1347 4557 1511 4637 videntur,
1541 4569 1575 4625 et
1604 4560 1714 4645 aquila
1739 4559 1940 4627 Polonorum
1954 4570 1988 4627 et
2002 4558 2129 4646 insigne
2144 4558 2338 4626 Litbuaniae

698 4646 857 4729 „Pogos’
873 4642 1174 4730 vernaculalingua
1189 4666 1231 4732 ap
1257 4643 1399 4710 allatum.
1446 4645 1485 4711 In
1515 4644 1638 4711 ambitu
1666 4645 1850 4730 inscriptio:
1873 4644 1909 4710 S.
1927 4646 2080 4712 Kazimiri
2095 4646 2145 4712 dei
2155 4647 2338 4732 praciam

697 4732 850 4796 llllroaaia
894 4729 1114 4816 Descripsita
1138 4668 1307 4817 ograpbon
1323 4726 1509 4798 Slawiriski.
2373 4735 2378 4740 '

697 4901 725 4965 L
749 4814 840 4964 bre)
853 4813 1014 4913 ‚Eortasae
1030 4753 1231 4914 §sebenias
1245 4814 1323 4879 villa
1336 4800 1574 4883 Zeleeloviauis
1583 4815 1726 4902 regionis
1741 4826 1775 4882 et
1789 4814 2006 4916 Rukoviepais
2021 4812 2120 4881 bodie
2131 4814 2288 4881 territorii
2305 4814 2337 4879 in

727 4922 746 4963 n
783 4920 886 4963 rnensr
924 4920 1081 4965 ronncra.

801 4983 839 5062 (θ)
863 4922 1072 5069 Sabeoyuiora
1087 4982 1165 5048 villa
1181 4982 1465 5052 Sakalbmiriensis
1478 4984 1621 5071 regionis
1636 4986 1670 5052 in
1687 4985 2091 5076 cracoviensiprovincia.
