5409 6309
1064 784 1399 913 --aor-⁴

361 1039 452 1112 tera
472 1028 573 1111 vero
594 1038 715 1136 parte
736 1026 856 1135 fluvy
877 1025 1113 1137 supradicti,
1144 1051 1293 1108 versus
1325 1021 1473 1106 Zntbor·
1495 1024 1703 1136 quicquid
1722 1025 1857 1111 Lanei
1879 1024 2037 1115 ibidem
2093 1124 2102 1137 ς
2181 1058 2186 1065 ’

360 1146 516 1229 fuerint
534 1145 790 1247 mensurati,
813 1144 866 1226 de
890 1143 1084 1255 quolibet
1103 1141 1263 1249 Lamon
1271 1140 1439 1224 ratione
1456 1140 1623 1226 Census
1644 1144 1828 1228 mediam
1850 1177 2036 1233 marcam

360 1264 593 1374 supradicti
616 1264 801 1364 numeri,
822 1262 946 1347 nobis
970 1271 1012 1344 et
1032 1258 1186 1345 nostris
1210 1234 1562 1363 Successoribus,
1592 1260 1756 1344 ratione
1788 1292 1888 1350 vero
1922 1267 2037 1349 dcci-

357 1412 453 1466 mae
481 1391 667 1491 quatuor
688 1390 1102 1492 scotosgrossorum
1122 1379 1485 1487 supradictorum,
1507 1377 1576 1461 cui
1595 1366 1652 1477 sle
1665 1376 1780 1471 »Jure
1803 1380 2037 1487 debuerint,

357 1510 485 1613 prout
519 1502 714 1607 superius
752 1507 816 1581 est
853 1506 1098 1609 expressum
1134 1498 1323 1581 similiter
1342 1497 1387 1577 in
1407 1495 1538 1579 Festo
1578 1493 1621 1579 S.
1656 1493 1823 1579 Martini
1856 1501 2036 1614 singulis

360 1620 481 1705 ninia
498 1617 664 1703 solvere
684 1626 920 1700 tencantur.
967 1616 1051 1701 Pro
1083 1614 1280 1699 Ecclesia
1308 1612 1439 1697 etiam
1458 1623 1507 1696 et
1524 1612 1714 1698 Rectam
1739 1616 1874 1722 ipsius
1907 1638 2036 1705 omn

358 1738 552 1822 Laneum
583 1761 783 1845 agrorum
813 1735 975 1817 ibidem
998 1731 1055 1815 ab
1075 1736 1158 1816 ista
1187 1743 1314 1847 parte
1331 1754 1484 1817 versus
1503 1732 1782 1835 Oracoviam,
1822 1734 2034 1847 a'Oampo

360 1858 433 1967 qui
457 1854 609 1936 dicitur
630 1852 782 1936 Boline
814 1867 912 1935 cum
943 1850 1112 1935 duobus
1146 1852 1280 1938 hortis
1316 1850 1492 1955 liberos,
1528 1848 1687 1935 ibidem
1724 1853 2034 1960 adiacentibus,

358 1973 508 2059 damus
529 1982 573 2069 et
594 1971 865 2083 assignamus
900 1975 1118 2080 perpetuis
1156 1970 1419 2081 temporibus
1452 1969 1746 2079 possidendos.
1799 1971 1857 2054 Et
1886 1972 2036 2081 nihilo·

358 2093 496 2174 minus
518 2086 594 2200 pro
615 2090 788 2199 pascuis
810 2089 1028 2187 omnibus,
1051 2091 1141 2173 sive
1162 2116 1239 2201 pro
1263 2116 1398 2200 grege
1421 2088 1610 2172 eiusdem
1645 2086 1842 2174 Civitatis
1873 2090 2037 2201 pellen·
2120 2188 2124 2193 ‚

360 2208 575 2294 dolosum
610 2208 790 2292 liberum
812 2206 868 2292 ab
889 2207 961 2290 illa
995 2220 1116 2317 parte
1152 2212 1302 2293 versus
1337 2204 1487 2289 Zeton
1522 2208 1646 2288 inter'
1671 2234 1801 2320 agros
1825 2217 1868 2290 et
1888 2204 2034 2292 hortos

356 2328 585 2442 perpetuis
601 2324 862 2436 temporibus
894 2327 1177 2438 assignamus.
1228 2324 1280 2410 In
1312 2346 1494 2433 quorum
1527 2325 1713 2408 omnium
1746 2328 2035 2411 testimonium

358 2448 414 2534 a'd
451 2444 707 2530 evidentiam
741 2442 971 2554 pleniorem
1007 2445 1193 2557 sigillum
1229 2447 1421 2528 nostrum
1452 2444 1750 2554 praesentibus
1785 2455 1851 2533 est
1871 2474 2034 2557 appen-

358 2594 465 2649 sum.
503 2560 682 2659 ¹Actum
723 2558 933 2645 Crccoviae
968 2566 1011 2649 in
1048 2562 1205 2676 Vigilia
1243 2562 1444 2671 Corporis
1493 2561 1653 2646 Christi
1694 2560 1819 2649 Anno
1861 2564 2033 2650 Domini
2098 2606 2103 2611 ·
2179 2614 2194 2637 e

330 2684 414 2775 Μ.
432 2666 562 2767 000.
578 2678 673 2765 LX.
696 2674 770 2764 IV.
822 2680 1136 2767 Praesentibus:
1170 2679 1345 2765 Andrea
1381 2679 1574 2790 Palatino
1613 2680 1907 2786 Oracoviensi,
1951 2678 2037 2766 Za·

356 2804 471 2888 vissa
503 2798 768 2884 S'andecensi
799 2800 1069 2905 Oastellano,
1089 2798 1287 2884 Sirscone
1303 2797 1561 2884 Dobrinensi
1580 2792 1648 2910 ζ’),
1669 2799 1857 2885 Dinissio
1879 2801 2037 2886 Lanci-

359 2920 490 3002 ciensi
507 2910 760 3031 Capitaneis
783 2916 850 3030 (⁴),
892 2917 1067 3003 Andrea
1109 2917 1342 3015 Subiudice
1385 2915 1679 3022 Oracoviensi,
1710 2917 1944 3003 Predborio
1983 2920 2036 3001 de

359 3036 519 3121 Brzeze.
546 3034 713 3127 Datum
733 3062 812 3145 per
832 3063 982 3117 manus
1003 3035 1174 3121 Domini
1196 3034 1387 3146 Janussy
1426 3032 1685 3146 Cancellary
1721 3038 1852 3119 nostrl
1875 3035 2035 3149 Qraco-

362 3157 531 3241 viensis.
562 3232 566 3239 ,
1136 3258 1139 3263 ¹

357 3357 359 3360 ,
556 3264 627 3353 'Et
649 3295 730 3382 ego
765 3269 968 3355 Nicolaus
1005 3268 1102 3353 olim
1140 3268 1333 3355 Joannes
1357 3270 1410 3352 de
1431 3266 1674 3384 Popelaryno
1710 3268 1899 3362 Clericus
1937 3268 2034 3379 Plo-

241 3440 245 3447 ν
346 3435 348 3439 ,
465 3391 602 3473 censis
622 3389 903 3492 Diocaeseos,
923 3384 1124 3498 publicus
1146 3387 1361 3497 imperiali
1384 3388 1645 3473 authoritate
1667 3388 1888 3493 Notarius,
1907 3416 2035 3501 prae-

466 3506 804 3616 dicti-Brivilegy
834 3502 1134 3617 Transsumpti
1165 3505 1343 3591 fideliter
1366 3505 1418 3589 de
1439 3506 1571 3592 verbo
1594 3500 1847 3593 adverbum
1870 3532 1929 3590 ac·
1943 3506 2034 3617 alys

465 3618 662 3711 omnibus
683 3631 728 3707 et
747 3623 924 3735 singulis
955 3648 1155 3733 praesens
1182 3622 1368 3729 interfui,
1391 3652 1532 3737 eaque
1555 3628 1696 3711 omnia
1719 3635 1763 3709 et
1782 3625 1952 3737 singula
1972 3627 2035 3710 sic
2084 3635 2088 3643 ’

357 3745 361 3750 ’
463 3744 555 3835 fieri
589 3743 742 3831 vidiat
763 3743 925 3846 audivi,
947 3752 992 3827 et
1011 3742 1192 3827 fideliter
1214 3744 1509 3848 conscribens,
1530 3744 1573 3826 in
1594 3745 1707 3828 hanc
1727 3742 1944 3856 publicam
1965 3772 2034 3827 re·
2101 3750 2112 3775 ⁶

458 3862 585 3973 degi,
606 3890 763 3973 meque
786 3858 884 3943 hinc
906 3861 1159 3971 subscripsi,
1191 3864 1316 3977 signo
1338 3872 1383 3945 et
1402 3863 1574 3946 nomine
1605 3864 1708 3945 meis
1740 3862 1871 3946 solitis
1895 3863 2034 3948 consi-

397 3974 402 3985 ’
468 3983 598 4103 gnavi
618 3982 662 4061 in
681 3978 813 4062 fidem
834 3988 877 4060 et
897 3980 1189 4081 testimonium
1212 3981 1400 4066 omnium
1421 3982 1765 4091 praemissorum

466 4204 509 4292 (⁸)
530 4192 664 4278 ’Βνὶεώο
674 4193 714 4276 ὀι
727 4210 858 4293 Direla,
885 4195 1080 4297 capitaneus
1096 4212 1348 4299 chrzynensis
1362 4211 1392 4277 le
1420 4196 1483 4279 'tiu
1496 4213 1558 4279 sub
1573 4234 1602 4278 a.
1617 4200 1766 4280 1362-’4
1780 4213 1815 4279 in
1829 4212 1956 4280 Codice
1972 4236 2035 4281 nc·

364 4310 447 4399 serp,
471 4294 546 4361 vide
571 4306 680 4400 tomos
705 4296 951 4382 praecedentes.
990 4297 1117 4367 Nomen
1145 4301 1229 4382 ejus,
1255 4297 1309 4365 bic
1337 4314 1421 4365 mac
1446 4297 1609 4384 scriptam
1628 4308 1711 4383 erat,
1723 4294 1822 4386 raige
1846 4299 2036 4403 Daiarlow,

230 4532 237 4544 ,
310 4548 316 4557 s
365 4382 738 4551 Dumlli’gtzpiidbbos
752 4464 806 4532 bic
820 4464 849 4529 le
874 4467 941 4530 itur
955 4465 1095 4531 intorno
1111 4428 1331 4550 praecedente
1346 4468 1501 4549 secundo,
1521 4490 1595 4558 pag.
1611 4458 1800 4537 303'nostri
1816 4464 1952 4533 Codicis
1970 4462 2033 4530 Di·

352 4550 573 4657 *arzianae
591 4536 673 4615 rest
690 4550 852 4636 etpagst
898 4546 1215 4664 ‚narramus
1233 4552 1324 4617 rasa.
1638 4594 1642 4601 .
1757 4566 1760 4579 ·
