5409 6309
1091 829 1158 926 -ι,
1195 819 1266 897 ιιι
1321 851 1371 875 -

392 1037 499 1123 lanis
518 1029 668 1117 habita
688 1023 999 1111 deliberacione
1019 1021 1159 1105 uisum
1182 1030 1268 1122 est,
1288 1047 1366 1130 per
1386 1013 1514 1099 alium
1535 1015 1707 1100 modum
1729 1013 1902 1100 obedire
1922 1032 2063 1110 vestre

393 1153 611 1238 voluntati.
662 1146 775 1231 Nam
799 1143 1008 1256 *quamuis
1045 1140 1134 1220 iure
1168 1135 1444 1246 prohibeatur
1483 1132 1676 1216 Ecclesie
1697 1160 1788 1213 rem
1806 1134 2065 1226 immobilem

308 1333 312 1354 .
392 1272 681 1353 maximenon
701 1263 822 1344 aliter
843 1260 1016 1350 alienari
1035 1257 1118 1337 nisi
1136 1263 1366 1365 prospecte
1403 1253 1573 1335 demum
1608 1251 1786 1335 vtilitate
1805 1256 1951 1338 melior
1974 1262 2063 1343 eius

393 1386 596 1472 condicio.
608 1388 869 1490 procuretur,
885 1376 1037 1464 Vestro
1057 1383 1203 1456 tamen
1224 1371 1387 1454 sincere
1409 1368 1581 1453 arbitrio
1604 1373 1870 1455 consciencie
1893 1383 1936 1456 et
1955 1378 2065 1461 inte-
2091 1457 2096 1470 ,
2190 1387 2199 1398 ’

393 1510 554 1586 merate
576 1498 768 1607 puritati,
795 1493 1052 1579 condicionis
1072 1489 1316 1572 huiusmodi
1335 1487 1595 1598 meliorande
1615 1492 1844 1599 negocium
1864 1494 2065 1606 'relinqui-

393 1645 489 1703 mus
522 1627 566 1699 et
585 1615 886 1700 committimus
907 1608 1170 1695 confidenter
1205 1608 1353 1714 pocius
1390 1633 1521 1717 quam
1557 1606 1743 1715 aliquam
1781 1609 1835 1690 de
1868 1610 1948 1693 hiis
1980 1631 2066 1722 que

393 1731 517 1819 nobis
541 1727 1044 1842 -p'retendebantm'areis
1060 1723 1307 1810 duxerimus
1346 1725 1672 1833 acceptandam,
1693 1724 1736 1807 N
1739 1753 1786 1807 ec
1810 1728 1920 1808 enim
1941 1729 2066 1812 dubi-

310 1895 316 1902 ·
392 1864 533 1938 tamus
556 1852 661 1962 quin
673 1848 873 1933 Ecclesie
894 1855 1038 1929 nostre
1058 1845 1102 1924 in
1124 1869 1211 1951 qua
1232 1840 1301 1922 dei
1321 1851 1449 1944 nutu,
1480 1842 1545 1922 ius
1566 1843 1824 1950 patronatus
1838 1843 2065 1955 glorianter
2095 1922 2100 1932 .

394 1968 608 2072 obtinetis,
627 1969 689 2048 ita
708 1965 849 2048 uelitis
884 1961 1126 2072 prouidere,
1147 1966 1195 2040 vt
1214 1984 1300 2042 non
1320 1959 1456 2042 solum
1479 1959 1569 2054 eius
1590 1957 1887 2070 indempnitati
1905 1992 2065 2051 cauea-

392 2069 479 2190 tur,
494 2086 571 2166 sed
594 2086 730 2167 eciam
749 2082 917 2166 vtilitati
936 2078 1211 2194 prouideatru
1248 2075 1450 2185 ampliori.
1500 2076 1844 2194 Munificenciam
1878 2110 2067 2195 namque

281 2227 283 2232 ’
393 2199 535 2288 uestra
558 2200 800 2285 deuocionis
823 2209 1029 2283 eteorum
1051 2193 1291 2279 hominibus
1313 2193 1598 2304 dignalaude,
1619 2197 1704 2282 non
1720 2198 1878 2310 ingrati
1897 2228 2067 2311 semper
2162 2184 2176 2306 Γ

398 2321 646 2418 extollimus,
667 2326 712 2399 et
732 2347 875 2403 coram
913 2317 992 2400 deo
1019 2327 1069 2395 et
1092 2314 1258 2395 sanctis
1296 2313 1385 2393 eius
1422 2309 1675 2424 ‘specialiter'
1693 2315 1883 2424 patronis
1918 2315 2066 2402 Beatis

394 2436 653 2523 Wencezlao
676 2442 719 2515 et
740 2435 957 2516 Stanizlao
988 2430 1183 2512 Ecclesia
1204 2439 1347 2512 nostre
1371 2437 1413 2509 et
1433 2431 1511 2515 toti
1530 2433 1838 2539 patriecelitns
1857 2435 1902 2514 in
1922 2447 2066 2541 prote-
2145 2469 2148 2482 ·

396 2557 581 2638 ctionem
612 2555 847 2653 concessis,
878 2576 965 2632 non
995 2571 1213 2628 cessamus
1245 2543 1465 2656 obsequiis
1488 2557 1531 2628 et
1551 2548 1818 2632 oracionibus
1850 2577 2067 2638 commen-

400 2673 515 2754 dare.
558 2670 682 2753 Nunc
703 2695 780 2778 pro
799 2666 1067 2752 libertatibus
1087 2663 1281 2749 Ecclesia
1303 2663 1478 2768 collatis,
1498 2694 1612 2747 nunc
1632 2693 1708 2775 pro
1730 2669 1890 2782 iuribus
1912 2671 2002 2754 eius
2025 2682 2069 2755 ct
2203 2657 2213 2672 ⁸

395 2787 776 2872 consuetudinibus
811 2782 1084 2878 manentibus
1120 2783 1396 2866 inconcussis.
1433 2811 1544 2865 nunc
1581 2785 1715 2866 eciam
1749 2812 1825 2894 pro
1845 2788 1988 2872 multis
2010 2788 2067 2872 ad
2222 2889 2228 2896 ,
2283 2823 2288 2833 ’

396 2905 526 2986 diuini
547 2903 685 2984 cultus
706 2904 905 2986 decorem
926 2897 1251 3008 pertinentibus,
1273 2900 1486 3004 dapsiliter
1509 2899 1715 3011 elargitis,
1736 2901 2065 2989 aduersitatibus

395 3048 570 3135 quoqne
590 3029 680 3100 tam
702 3018 757 3102 ab
781 3047 852 3120 ea,
888 3044 1020 3128 quam
1051 3015 1107 3096 ab
1130 3016 1220 3094 eius
1256 3015 1475 3126 ministris,
1510 3016 1722 3099 indefesse
1759 3029 1803 3099 et
1838 3021 2066 3107 clementer

393 3137 651 3249 propulsatis
675 3144 718 3216 et
738 3133 907 3217 domino
950 3131 1212 3215 concedente
1245 3158 1323 3239 per
1358 3132 1601 3242 religiosam
1635 3134 1838 3239 pietatem
1879 3148 2067 3223 vestram

286 3355 294 3364 .
392 3253 681 3338 indesinenter
701 3250 1012 3361 propulsandis.
1064 3247 1204 3361 Igitur
1246 3250 1416 3333 domina
1436 3257 1585 3358 nostra¹
1600 3254 1838 3334 reuerentia
1856 3276 2067 3338 memora-

394 3369 482 3455 tam
499 3398 640 3452 aream
653 3356 907 3478 ‘simpliciter
927 3377 1068 3452 vestre
1090 3367 1314 3450 donaciani
1324 3365 1422 3478 (sic)
1434 3367 1592 3451 nullam
1613 3369 1906 3474 condicionem
1927 3375 2066 3482 expri-
2112 3456 2114 3460 ,

265 3493 275 3508 ’
393 3498 558 3588 mentes
596 3483 850 3580 conserimus
886 3496 1094 3596 perpetuo
1128 3483 1453 3595 possidendam,
1475 3494 1523 3570 vt
1541 3484 1673 3574 libere
1695 3486 1746 3568 de
1767 3488 1862 3596 ipsa
1897 3485 2063 3573 faciatis

396 3605 576 3720 quiquid
597 3604 696 3718 (sic)
718 3605 872 3713 placet.
922 3603 991 3685 De
1011 3603 1105 3686 loco
1128 3603 1263 3683 eciam
1283 3599 1427 3686 balnei
1448 3600 1642 3713 quodibi
1663 3630 1795 3712 prope
1815 3607 2102 3726 possidebat

207 3713 213 3722 ⁸
252 3777 257 3782 -
315 3729 321 3742 '
398 3723 577 3806 ecclesia
599 3723 788 3805 cedimus
809 3722 903 3830 pari
922 3719 1063 3804 modo.
1115 3715 1214 3802 Hoc
1245 3746 1348 3802 sane
1370 3729 1511 3803 uestra
1531 3722 1731 3804 memorie
1753 3723 1945 3805 volentes
1968 3753 2065 3810 esse

396 3825 752 3938 commendatum.
775 3837 893 3949 quod
914 3829 1115 3930 balneum
1136 3836 1240 3920 illud
1258 3839 1381 3924 'annis
1403 3838 1592 3949 singulis,
1609 3847 1695 3920 tres
1710 3831 1876 3921 marcas
1898 3845 2065 3953 argenti

395 3970 439 4041 et
460 3957 689 4059 dimidiam,
728 3957 905 4039 ecclesie
940 3955 1227 4066 persol'uebat
1278 3954 1338 4037 Vt
1358 3965 1502 4037 autem
1522 3953 1685 4038 factum
1705 3958 2063 4050 nostrumhuius-
2164 4035 2168 4044 ,

356 4084 367 4089 “
396 4063 511 4160 modi
534 4072 723 4172 debitum
746 4075 952 4156 'sorciatur
975 4072 1190 4159 effectum.
1211 4073 1465 4156 venerabilis
1485 4076 1619 4182 patris
1641 4082 1685 4155 et
1703 4073 1906 4185 Episcopi
1933 4079 2065 4161 nostri
2213 4147 2219 4156 .

336 4233 339 4238 >
399 4193 557 4275 domini
576 4192 699 4275 Pauli
719 4209 952 4273 consensus
974 4201 1018 4273 et
1037 4191 1267 4274 auotoritas
1309 4192 1546 4296 interuenit,
1566 4194 1656 4274 sine
1679 4191 1834 4301 quibus
1856 4222 1937 4276 nec
1956 4194 2064 4305 legi-

398 4311 497 4390 time
520 4337 600 4390 nec
621 4310 825 4392 canonice
848 4308 902 4390 de
921 4308 1052 4392 rebus
1072 4308 1384 4393 Ecclesiasticis
1413 4311 1646 4421 quicquam
1667 4310 1839 4395 alienari
1857 4312 1945 4391 iure
1965 4339 2064 4420 per-

397 4426 572 4507 missum
595 4439 660 4520 est
678 4428 806 4510 imino
827 4427 1012 4509 totaliter
1032 4427 1316 4511 interdictum.
1338 4427 1451 4509 vnde
1472 4428 1516 4510 in
1539 4425 1799 4508 euidenciam
1831 4454 2063 4511 consensus

400 4545 490 4627 eius
509 4546 686 4650 prestiti,
707 4553 753 4626 et
771 4543 1034 4626 auctoritatis
1071 4542 1261 4627 adhibite
1297 4545 1410 4627 idem
1432 4544 1625 4628 dominus
1646 4544 1887 4655 Episcopus
1909 4546 2064 4630 confir-

396 4661 555 4744 mando
596 4661 789 4772 Sigillum
810 4705 813 4713 ·
831 4686 973 4765 suum,
995 4670 1038 4742 et
1057 4687 1135 4744 nos
1167 4663 1400 4769 capitulum
1440 4662 1679 4774 profitendo
1721 4672 1913 4748 nostrum
1933 4664 1977 4746 id
1998 4673 2064 4748 est

397 4778 588 4862 Ecclesie
610 4780 709 4862 huic
728 4784 1006 4862 instrumento
1022 4777 1224 4884 ,duximus
1244 4780 1538 4889 appendenda.
1588 4780 1705 4864 Data
1729 4777 1918 4866 Crocouie
1937 4779 2062 4867 Anno
2220 4807 2227 4816 ’

398 4897 568 5007 dominj.
590 4894 666 4982 Ml
685 4896 767 4983 00
774 4903 798 4979 ⁰.
819 4895 979 4982 LXX⁰.
1000 4895 1116 4982 Vlll.
1138 4906 1294 5008 octauo
1312 4896 1519 4983 kalendas
1539 4897 1698 5009 Marcij.
1797 4953 1800 4960 ,
