5409 6309
864 711 1337 845 “-aar-

359 976 453 1057 sint'
464 973 674 1073 obtinere,
704 971 799 1073 Nisi
827 970 1048 1078 sollempnj
1078 969 1213 1078 tytulo
1243 968 1455 1053 literarum
1482 977 1525 1047 et
1547 968 1717 1051 testium
1730 973 2040 1076 ''annotacionc'

267 1181 272 1185 ,
360 1089 621 1191 roborentur,
641 1088 893 1197 Eapr'opter.
939 1088 1028 1173 Nos
1049 1086 1288 1171 Kazimirus
1305 1085 1379 1197 ,del
1402 1086 1549 1192 gracia
1570 1085 1660 1167 Rex
1682 1086 1867 1171 Polonie.
1919 1091 2032 1172 Nec·
2076 1113 2084 1133 ⁸

359 1234 444 1293 non
482 1208 711 1307 Terrarum
749 1205 971 1290 Oracouie.
1010 1204 1286 1289 Sandomirie.
1332 1201 1522 1309 Syradie.
1565 1202 1780 1287 Lancicie.
1826 1205 2032 1314 Ouyauie.

341 1318 700 1434 vPornor'anieque
733 1324 926 1407 dominns
959 1332 1002 1403 et
1031 1322 1166 1403 heres.
1204 1331 1414 1430 perpetue
1447 1322 1647 1401 memorie
1684 1322 2032 1417 commendantes

359 1452 506 1525 tenore
536 1436 826 1548 presencium,
858 1452 1003 1524 notum
1034 1440 1213 1521 facimus
1234 1441 1453 1522 uniuersis.
1497 1433 1622 1535 Quod
1645 1442 1857 1522 accedens
1880 1444 1936 1523 ad
1956 1468 2033 1525 no·

360 1566 489 1640 stram
514 1550 556 1640 et
575 1558 783 1642 baronum
804 1568 1039 1642 nostrorum
1061 1556 1340 1667 presenciam.
1387 1555 1550 1639 Nobilis
1570 1557 1634 1667 yir
1658 1556 1850 1664 dominus
1874 1549 2048 1643 Wilcz-⁸

358 1674 415 1760 ko
438 1674 706 1759 Oastellanus
745 1675 1109 1760 Sandomiriensis.
1147 1675 1281 1755 heres
1295 1674 1348 1754 de
1371 1670 1546 1780 Bprlcow
1569 1670 1623 1783 (³)
1662 1701 1790 1756 sanus
1827 1664 1969 1759 mente
1992 1686 2035 1758 et

360 1818 536 1900 corpore
574 1796 758 1877 existens
795 1821 880 1875 non
917 1793 1170 1901 compulsus.
1208 1800 1513 1873 neccoactus.
1552 1818 1692 1905 neque
1728 1822 1805 1900 per
1842 1794 2031 1900 aliquem

362 1937 542 1993 errorem
580 1911 794 1992 seductus.
858 1909 943 1993 Sed
978 1910 1032 1991 de
1053 1910 1167 1992 bona
1190 1918 1234 1989 et
1251 1919 1421 1989 matura
1458 1906 1768 1991 deliberacione
1804 1912 1930 2019 animj
1969 1913 2034 1992 sui

360 2025 596 2134 prehabita.
621 2028 672 2109 de
693 2022 907 2109 censensu
927 2036 970 2107 et
989 2028 1208 2111 voluntate
1230 2037 1375 2108 nostra
1396 2025 1583 2131 speciali.
1607 2027 1888 2109 hereditatem
1911 2036 2033 2110 suam

363 2143 582 2249 Ohmunow‘
613 2141 667 2256 (⁴)
715 2144 1034 2227 dietamsitam·
1062 2145 1104 2224 in
1140 2145 1332 2225 districtu
1369 2141 1666 2245 Oracouiensi,
1704 2171 1801 2226 cum
1840 2145 2034 2229 omnibus

361 2258 625 2345 vtilitttibus.
663 2262 822 2344 vsibus.
860 2260 1082 2342 fructibus.
1118 2260 1367 2343 redditibus.
1407 2259 1640 2377 Sensibus,
1673 2265 1810 2368 aquis.
1833 2265 1965 2374 pratis
1990 2270 2035 2345 et
2073 2278 2077 2285 ‘

365 2378 541 2487 singulis
562 2380 833 2487 pertineneijs
856 2378 911 2460 ad
931 2381 1068 2486 ipsam
1089 2378 1370 2459 hereditatem
1409 2378 1716 2485 spectantibus
1739 2390 1866 2488 prout
1884 2381 1927 2462 in
1949 2384 2035 2461 suis

363 2496 487 2575 metis
511 2505 554 2577 et
574 2495 759 2577 terminis
783 2492 1222 2578 circumferencialiter
1241 2505 1306 2578 est
1326 2495 1537 2577 distincta.
1562 2525 1612 2576 ac
1635 2523 1731 2578 curn
1753 2507 1843 2582 toto
1865 2497 1971 2580 dure
1994 2505 2038 2580 et

331 2674 334 2681 ·
366 2610 563 2714 dominio.
584 2623 713 2718 prou-t
733 2613 845 2694 solus
867 2617 1018 2696 tenuit.
1040 2614 1172 2696 nichil
1188 2617 1357 2721 penitus
1370 2641 1455 2720 pro
1478 2641 1524 2694 se
1543 2622 1585 2715 et
1601 2614 1687 2695 suis
1710 2617 1854 2697 amicis
1876 2624 1919 2696 et
1938 2642 2036 2723 pro·

241 2770 246 2783 ·
364 2726 534 2835 pinquis
558 2730 901 2839 quibuscumque
922 2732 1200 2833 reseruand0,
1216 2730 1455 2839 Religiosis.
1482 2730 1705 2814 Sororibus
1728 2742 1771 2813 et
1793 2731 2034 2839 Conuentuj
2159 2816 2161 2821 s

366 2844 516 2927 domus
538 2848 590 2928 de
613 2844 866 2961 Stgnuntlzclc.
907 2840 1076 2928 Ordinis
1114 2850 1251 2928 sancti
1286 2846 1521 2929 Benedicti.
1559 2874 1634 2953 pro
1659 2848 1865 2929 ducentis.
1919 2844 2037 2946 Qua-

367 2961 567 3071 draginta
587 2962 741 3043 Marcis
764 2989 1008 3071 grossorum
1029 2963 1316 3074 pragensium.
1334 2964 1622 3073 quadraginta
1645 2958 1753 3046 Octo
1777 2964 1938 3074 grossis
1959 2991 2035 3070 pro

363 3105 510 3159 marca
531 3078 724 3187 qualibet
744 3080 1020 3187 computatis,
1052 3080 1241 3162 vendidit
1271 3080 1605 3162 irreuocabiliter
1635 3081 1854 3186 libereque
1891 3107 2036 3163 coram

276 3304 278 3308 Ι
363 3193 486 3297 nobis
507 3193 757 3303 resignauit.
780 3196 941 3277 eisdem
964 3195 1187 3280 Sororibus
1211 3205 1255 3277 et
1276 3195 1516 3303 Conuentuj
1541 3198 1901 3307 domus‘predicte
1937 3223 2035 3305 per·

246 3319 253 3328 ’
362 3319 491 3419 petuo
523 3311 774 3405 tenendam,
795 3311 1050 3395 habendam.
1085 3313 1338 3398 donandam.
1372 3313 1652 3396 vendendam.
1676 3313 2033 3397 commutandam.

364 3455 414 3511 ac
434 3428 749 3538 possidendam.
769 3456 847 3541 pro
870 3458 1036 3541 suaque
1066 3430 1283 3518 voluntate
1317 3431 1661 3514 conuertendam.
1717 3428 2035 3543 Quamquidem

364 3528 658 3647 rendicionem
696 3556 739 3628 et
773 3548 1134 3658 resignacionem‚
1171 3548 1511 3651 considerantes,
1541 3550 1621 3629 rite
1653 3558 1697 3630 et
1724 3546 2036 3633 racionabiliter

366 3688 460 3746 esse
481 3661 651 3749 factam.
673 3666 811 3772 ipsam
833 3666 1108 3770 admittendo.
1132 3668 1186 3749 de
1207 3669 1330 3751 solita
1361 3675 1504 3749 nostre
1525 3665 1662 3775 Regia
1684 3668 1938 3768 maiestatis,
1957 3665 2035 3753 be·

364 3781 573 3892 nignitate
610 3782 930 3884 confirmamus,
967 3782 1130 3867 Harum
1168 3784 1326 3895 quibus
1359 3782 1553 3894 Sigillum
1575 3794 1764 3869 nostrum
1787 3796 1852 3866 est
1872 3811 2036 3895 appen-

364 3922 470 3982 sum.
490 3901 733 3983 testimonio
754 3898 981 3983 literarum.
1044 3901 1202 3987 Actum
1236 3898 1426 3983 Graecula
1456 3899 1562 3982 feria
1583 3911 1703 3983 sexta
1723 3905 1915 4010 proxima
1935 3910 2035 4010 post

307 4052 311 4059 ¹
364 4008 477 4115 diem
497 4014 816 4126 Assumpcionis
839 4029 986 4100 sancte
1006 4008 1158 4124 Mar'ie,
1189 4019 1312 4103 Anno
1335 4019 1505 4126 dominj.
1542 4017 1775 4113 Millesimo.
1800 4020 2037 4103 Trecente-

364 4132 483 4231 simo
517 4129 896 4248 Quinquagesimo
919 4146 1052 4221 sexto.
1074 4138 1342 4249 presentibus
1364 4135 1444 4248 hijs
1466 4135 1647 4219 testibus
1665 4136 1878 4224 debanna.
1900 4133 2036 4249 ch-

377 4326 385 4369 'l
445 4358 510 4460 .·l⁸l
533 4364 668 4461 liyrleorr
683 4367 759 4435 anni
776 4366 869 4449 1356,
885 4369 1029 4436 fortasse
1047 4318 1236 4437 Bierlcowiee
1250 4393 1278 4435 a
1289 4370 1384 4447 1676,
1401 4392 1484 4455 qnae
1500 4368 1577 4435 villa
1592 4370 1653 4435 fnit
1667 4371 1701 4434 in
1712 4368 1876 4520 parochia
1889 4367 2031 4434 Dzielra·

357 4453 560 4529 p'owrcensr,
576 4449 713 4545 regione
729 4470 810 4516 vero
828 4451 1100 4538 Szczyrzy'censi
1116 4455 1151 4517 in
1166 4454 1308 4522 Gallicia
1325 4485 1339 4511 ο
1353 4455 1390 4518 ln
1407 4477 1511 4539 regno
1534 4446 1695 4521 moderno
1742 4452 1872 4522 oloniae
1889 4460 1965 4518 arnt
1980 4474 2035 4516 re·

367 4530 478 4629 globis
508 4528 741 4603 Stebnreenii's
770 4532 944 4602 nonnullae
974 4537 1070 4602 villae
1096 4538 1230 4605 Borkow
1260 4539 1460 4620 nominatae,
1476 4548 1510 4604 et
1524 4560 1592 4603 non
1606 4539 1724 4625 procul
1739 4538 1938 4607 a‘Cracovie
1950 4534 2035 4622 ipse,

297 4677 308 4687 ,
365 4615 680 4713 mahartisgeogra
703 4616 788 4684 hicis
803 4619 911 4687 villam
927 4622 1061 4687 Borion
1076 4620 1227 4706 legimus.
1263 4623 1453 4691 Benevolus
1475 4622 1584 4691 lector
1598 4625 1684 4691 inter
1696 4624 1769 4692 illas
1784 4622 1907 4711 eligere
1923 4629 2036 4708 potest
2132 4681 2136 4693 ,

366 4696 674 4784 villam‚quaehere
702 4704 761 4766 'tas
777 4702 838 4767 fuit
855 4702 1026 4768 castellani
1041 4702 1259 4772 Wilczlronis.
1760 4722 1766 4738 '
1846 4744 1849 4749 ·

355 4798 359 4805 ’
471 4786 515 4865 (⁴)
538 4784 720 4855 Ortmaaow
734 4785 811 4851 villa
825 4788 951 4871 antiqui
1011 4784 1165 4855 latinatus
1181 4788 1427 4867 cracoviensis,
1457 4770 1606 4879 regionis
1622 4782 1911 4883 Szczyrzycensis‚
1934 4810 2035 4876 paro·

365 4863 459 4934 chine
474 4868 778 4955 Bcdzanowiensis,
793 4870 894 4939 hodie
912 4871 947 4940 in
962 4811 1116 4942 bahem
1159 4916 1161 4923 ·
1309 4880 1314 4887 '
1494 4906 1525 4935 .·
1647 4934 1649 4937 ,
1705 4883 1709 4889 “
1760 4882 1763 4889 ’

1752 4998 1756 5005 .
1862 4975 1922 5041 a*

894 5064 904 5081 Ι
