5409 6309
1357 783 1638 855 ..m-

639 980 753 1074 ‘fieri
775 992 1107 1084 consueverunt,
1129 1008 1260 1067 unum
1279 974 1458 1068 Sculteti
1477 994 1521 1067 et
1537 986 1628 1079 duo,
1639 983 1902 1069 Kmsthones
1919 989 2075 1075 nuncio
2092 1002 2239 1076 nostro
2257 996 2336 1077 mi·

660 1108 918 1207 mutabunt,
938 1101 1009 1186 vel
1029 1124 1105 1208 pro
1128 1098 1320 1211 quolibet
1337 1103 1515 1211 prandio
1537 1130 1613 1212 per
1635 1110 1731 1185 octo
1752 1114 1894 1187 scotos
1917 1098 2094 1189 solvent.
2126 1108 2176 1191 In
2192 1114 2334 1194 causis
2455 1182 2489 1208 .-
2612 1098 2618 1108 ’

554 1248 558 1255 ’
662 1237 806 1309 autem
842 1217 1129 1303 criminalibus
1169 1218 1498 1332 quibuscunque
1520 1221 1689 1331 magnis
1719 1221 1785 1302 vel
1807 1222 1970 1328 parvis,
2003 1222 2208 1310 Scultetis
2229 1228 2335 1310 iam·

661 1345 773 1445 dicte
808 1339 906 1422 ville
943 1336 1199 1449 Judioandi,
1237 1338 1659 1447 condempnandict
1688 1339 1891 1447 puniendi
1920 1342 2041 1424 iuxta
2074 1342 2216 1450 ipsum
2250 1344 2333 1428 Jus

659 1458 954 1543 theutonicum
991 1456 1141 1538 damus
1177 1457 1463 1539 omnimodam
1495 1456 1757 1538 facultatem.
1818 1456 1870 1540 In
1902 1459 2021 1540 cuius
2052 1459 2114 1542 rei
2143 1461 2334 1547 testimo·
2413 1500 2416 1505 ·

659 1577 775 1662 nium
797 1583 987 1658 nostrum
1008 1571 1192 1685 sigillum
1213 1575 1483 1680 presentibus
1506 1576 1701 1657 duximus
1723 1575 2065 1684 appendendum.
2098 1577 2216 1661 Data
2235 1576 2335 1661 Cra·

661 1694 766 1777 cocle
786 1695 831 1775 in
851 1692 997 1801 vigilia
1016 1691 1135 1775 beati
1155 1688 1367 1794 dohannis
1404 1690 1613 1801 Baptista,
1637 1690 1770 1776 Anno
1802 1691 1958 1777 domiui
1979 1693 2036 1778 M.
2060 1694 2196 1780 CCC·
2212 1693 2332 1795 Qua-

661 1812 902 1923 dragesimo
940 1817 1106 1892 octavo.
1159 1808 1435 1892 Presentibus
1451 1812 1538 1919 bys
1559 1809 1755 1894 testibus:
1792 1802 2043 1910 Wilcnkone
2079 1797 2327 1898 Castellanc

520 2026 523 2033 Δ
661 1927 1009 2028 Sandomiriensi,
1044 1925 1292 2008 Hermanno
1327 1937 1623 2035 procuratore,
1658 1927 1855 2016 Floriano
1888 1924 2150 2015 Cancellario
2171 1928 2330 2014 Lanci—

648 2048 811 2150 ‚ciensi,
832 2045 957 2130 Petro
979 2042 1160 2152 Voyski‚
1193 2042 1416 2127 Clemente
1452 2045 1726 2155 subdaplfero
1751 2045 2094 2131 Sandomiriensi.
2155 2049 2333 2132 Nicolao
2382 2062 2384 2065 ’
2509 1996 2517 2005 -

661 2167 714 2249 de
737 2163 875 2246 Br'br'cz
893 2161 1127 2287 burgrabio
1151 2161 1205 2243 de
1226 2161 1359 2272 Beycz
1381 2173 1425 2259 et
1446 2163 1540 2272 alijs
1563 2165 1708 2246 multis
1730 2164 1973 2285 fidedignis
2494 2169 2496 2177 '

1263 2520 1268 2529 ι

1449 2672 1454 2687 l

869 2855 873 2863 ·
911 2748 1372 2883 Graeculae-30
1391 2793 1730 2895 septembris
1747 2790 1895 2881 1348
1915 2744 2082 2907 anno.

644 2982 924 3089 'lohannes
939 3012 1245 3103 incrapulatione
1260 3012 1513 3101 sudomiriensis
1529 3013 1604 3084 cuit
1619 2966 1725 3085 villan
1736 3013 1877 3081 Ostrowa
1891 3031 1912 3087 a
1924 3013 2111 3087 noredano
2125 3012 2331 3107 §tanqum

759 3120 877 3208 etpost
898 3118 1029 3190 nonen
1045 3126 1133 3186 suan
1144 3115 1261 3187 uum
1281 3116 1361 3188 true
1376 3115 1563 3188 unusne
1582 3113 1680 3186 cidon
1693 3131 1748 3204 pru
1763 3114 1897 3229 renem
1915 3117 2035 3188 mnes
2057 3114 2154 3188 ont
2168 3118 2221 3199 (1).

761 3324 970 3408 Nouerint
989 3323 1174 3406 uniuersi
1194 3325 1460 3430 presenciam
1482 3321 1683 3407 noticiam
1705 3321 1893 3421 habituri
1925 3322 2043 3430 quod
2063 3316 2142 3406 u'oe
2163 3318 2340 3405 Johan:

657 3471 733 3528 nes
754 3440 976 3526 Palatinus
999 3438 1352 3525 Sandomiricnsis
1374 3440 1429 3552 (⁹)
1463 3444 1640 3523 emimus
1661 3464 1855 3527 mansum
1877 3441 1920 3523 in
1942 3435 2097 3527 Ostrow
2118 3439 2217 3555 ville
2236 3440 2329 3525 Mo-

656 3561 830 3646 nialium
853 3559 906 3643 de
929 3555 1244 3659 Sturumlrck‘dc
1267 3585 1479 3643 consensu
1510 3558 1695 3675 omnium
1727 3584 1918 3649 sororum
1949 3558 2140 3645 eiusdem
2180 3555 2328 3643 Mona·

657 3682 771 3788 sterij
793 3703 1046 3787 prunonem
1075 3676 1230 3760 Marcis
1263 3704 1508 3787 grossorum
1540 3677 1747 3777 currentis
1777 3684 1962 3780 monete
1981 3701 2111 3784 quem
2131 3675 2329 3761 videlicet

655 3824 849 3879 mansum
869 3804 1018 3878 tencre
1039 3793 1245 3902 debemus
1269 3797 1325 3878 ad
1346 3806 1540 3905 tempora
1559 3798 1645 3880 vite
1668 3805 1823 3881 nostre.
1845 3802 1945 3904 post
1963 3796 2204 3907 ingressum
2225 3820 2326 3879 vero

656 3916 769 3997 viam
789 3913 985 3996 uniuersc
1005 3915 1144 3996 carnis
1165 3915 1251 3996 vite
1270 3924 1415 3999 nostre
1448 3913 1607 3999 dictum
1637 3942 1836 3999 mansum
1866 3941 1964 3999 cum
1999 3910 2192 3999 omnibus
2211 3910 2326 3995 vtili-

759 4147 803 4228 (¹)
826 4144 1003 4213 Slawirislri
1028 4146 1139 4213 deseri
1164 4147 1208 4212 sit
1223 4168 1264 4213 cx
1278 4146 1390 4217 tabula
1416 4168 1618 4234 pergamena
1642 4147 1677 4213 in
1696 4143 1919 4230 Steniqtcensi
1947 4143 2126 4213 Tabrdario
2141 4144 2328 4211 'asservata

621 4260 625 4272 ’
653 4231 825 4317 Reliquiae
842 4240 968 4297 tautum
985 4241 1061 4296 sunt
1077 4169 1177 4318 sigilli
1190 4232 1225 4296 in
1241 4232 1297 4297 filo
1313 4255 1374 4318 par
1400 4254 1526 4296 ameno.
2306 4257 2308 4259 ·

758 4317 801 4398 (²³)
825 4315 923 4384 Certe
940 4316 1112 4383 lohannes
1127 4316 1355 4399 JuralSkora)
1370 4256 1490 4397 (lictus,
1506 4314 1562 4399 qui
1577 4324 1613 4379 ut
1628 4313 1896 4399 supradiximus,
1912 4313 2008 4379 annis
2024 4312 2194 4377 lose-44
2209 4311 2328 4376 subcu-

653 4402 812 4468 merarius
844 4401 1078 4469 cracoviensis
1095 4410 1174 4466 erat
1213 4402 1383 4471 Palatinus
1407 4400 1688 4467 Sandomiriensis
1702 4399 1732 4467 is
1747 4398 1919 4481 «lohannes
1947 4398 2070 4484 legitur
2085 4397 2120 4461 iu
2148 4393 2329 4480 „Dodatek

654 4495 668 4550 t
692 4487 996 4573 godniowyslbbz
1009 4485 1062 4554 N0.
1076 4486 1150 4567 212⁹
1162 4486 1224 4553 sub
1241 4510 1270 4551 a.
1284 4489 1376 4553 1350.
1398 4486 1492 4552 Nunc
1509 4486 1632 4552 scimus
1647 4484 1735 4549 illum
1750 4482 1930 4570 palatinum
1947 4505 1976 4548 a.
1990 4484 2070 4549 1348
2083 4480 2199 4547 fuisse·
2223 4480 2327 4545 Prae·

678 4580 815 4636 ecess'or
832 4575 903 4657 ejus
917 4571 1068 4637 Neherza
1082 4568 1246 4657 palatinus
1264 4568 1543 4640 Sandomiriensie
1574 4574 1686 4653 (quem
1702 4567 1789 4654 apud
1804 4566 2024 4634 Niesieccium
2046 4567 2169 4632 frustra
2184 4584 2325 4647 quaeres

524 4670 530 4679 '
653 4654 763 4720 lector
778 4654 956 4735 benevole)
968 4655 1053 4721 vixit
1068 4677 1182 4722 mense
1208 4654 1387 4722 Novembri
1404 4658 1485 4720 1346
1500 4677 1596 4720 anno.
1632 4655 1720 4720 Huic
1750 4652 1959 4721 hauddubie
1976 4647 2329 4721 noserJoheunesin

657 4738 769 4804 officio
801 4740 976 4822 successit,
1006 4749 1040 4805 et
1065 4762 1133 4813 uon
1149 4739 1231 4806 Otto
1249 4739 1290 4806 de
1307 4740 1410 4822 Pura,
1437 4740 1486 4804 uti
1507 4730 1733 4807 Niesieclri'in
1758 4736 1925 4804 indicibus
1950 4744 2201 4886 mafflratuum
2225 4730 2327 4803 Polo·
2398 4792 2401 4795 .

636 4825 727 4888 niae
742 4822 853 4905 habet,
868 4844 942 4888 nam
957 4824 1172 4908 sequentibus
1202 4826 1296 4891 annis
1327 4837 1361 4891 ct
1388 4823 1516 4889 scilicet
1539 4827 1608 4909 jam
1637 4825 1789 4909 primum,
1813 4844 1843 4887 a.
1861 4823 1993 4889 1352?
2072 4843 2104 4887 m
2118 4815 2332 4900 OEulcouem)

546 4958 551 4968 .
627 4916 629 4919 ’
656 4907 932 5009 subcamerarium
948 4908 1215 5023 Craccviensem
1233 4930 1462 4976 successorem
1474 4908 1649 4991 Johaunis,
1664 4909 1699 4973 in
1715 4906 1842 4977 Codice
1857 4917 1975 4975 nocuo
1988 4905 2138 5033 &mus
