5409 6309
372 1016 477 1103 dure
497 1023 640 1100 nostro
660 1007 860 1101 Polonico
879 1012 924 1097 in
944 1009 1026 1099 dus
1048 1012 1383 1119 Theutunicum,
1420 1014 1538 1123 quod
1555 1014 1898 1129 Maydburgense
1921 1017 2023 1103 dici·

373 1148 460 1244 tur,
500 1133 734 1220 secundum
775 1161 921 1218 omnes
963 1133 1131 1239 modos,
1160 1134 1277 1243 jura,
1308 1136 1632 1220 consuetudines
1654 1147 1698 1220 et
1718 1136 2024 1224 observancias

373 1283 472 1339 cum
507 1257 594 1339 suis
631 1252 906 1359 adiacenciis,
942 1262 1129 1355 svestra
1164 1251 1464 1359 scrindouone
1501 1263 1544 1336 et
1577 1262 1811 1364 potestate,
1834 1255 2026 1341 decerta

373 1373 560 1460 sciencia
579 1374 634 1454 sit
654 1372 876 1476 translata,
898 1400 948 1457 eo
970 1372 1137 1456 adiecto
1155 1373 1301 1476 modo,
1333 1371 1451 1485 quod
1487 1399 1629 1457 coram
1648 1376 1770 1459 nobis
1791 1385 1865 1458 aut
1885 1375 2026 1484 aliquo

373 1503 579 1595 vestrum,
599 1518 675 1602 pro
697 1492 836 1579 musis
858 1493 1024 1602 magras
1044 1514 1123 1575 seu
1142 1492 1302 1601 parvis,
1321 1509 1442 1601 puta·
1472 1489 1591 1595 furti,
1610 1491 1834 1602 hmisidij,
1853 1496 2027 1605 sangui-

373 1614 451 1717 nis,
471 1611 672 1720 incendij,
692 1610 974 1695 membrorum
996 1610 1292 1715 mutilacionis,
1314 1611 1467 1693 citatem
1488 1612 1656 1695 minime
1679 1608 1835 1694 debeat
1852 1639 2027 1722 respon·

251 1764 256 1769 ·
375 1731 495 1837 dere3
527 1730 603 1815 ssd
634 1728 861 1815 Ometone's
891 1727 1054 1840 prefate
1085 1730 1182 1813 ville
1204 1730 1356 1812 eteius
1392 1729 1732 1814 adiacenciarum
1753 1756 1894 1815 coram
1914 1728 2028 1843 ipsoss

373 1879 467 1934 rum
497 1848 705 1953 scultetis,
736 1849 811 1959 qui
841 1858 940 1931 sunt
969 1875 1044 1958 pro
1075 1849 1379 1959 tempore,ipsi
1398 1876 1499 1934 vero
1520 1848 1687 1932 sculteti
1708 1877 1850 1933 coram
1870 1875 2029 1934 memo·
2100 1848 2106 1859 ⁴

373 1979 466 2054 rato
488 1967 722 2081 Sydelone,
744 1966 901 2077 Sydelo
921 1994 1020 2050 vero
1042 1995 1183 2052 coram
1203 1966 1345 2070 nobis,
1385 1995 1462 2051 seu
1481 1978 1624 2051 nostro
1645 1966 1815 2077 dudicio
1836 1968 2031 2055 Theutu·

374 2086 514 2191 nicali,
536 2089 718 2197 supremi
740 2083 897 2196 dudicij
918 2084 1015 2201 (sic)
1038 2084 1190 2170 Curiae
1212 2096 1356 2171 nostre
1377 2085 1629 2194 Sandacen.;
1672 2086 1772 2171 dum
1791 2098 1936 2173 tamen
1955 2112 2032 2196 per

375 2216 563 2291 nostram
580 2204 742 2289 literam
764 2217 907 2288 nostro
929 2203 1065 2315 sigillo
1087 2207 1312 2318 sigillatam
1334 2205 1492 2291 adhoc
1523 2208 1699 2311 citatus,
1723 2216 1766 2289 et
1785 2209 1828 2289 in
1848 2202 2031 2289 reddeu-

376 2326 432 2409 da
450 2328 618 2410 iusticia
638 2323 862 2436 negligens
883 2321 1018 2427 fuerit,
1039 2334 1141 2411 tunc
1163 2326 1214 2408 de
1235 2354 1282 2408 sc
1304 2325 1624 2434 querulantibus
1645 2353 1731 2411 non
1751 2326 1831 2415 alio
1852 2326 1932 2408 nisi
1952 2346 2030 2425 suo

374 2442 481 2528 dure
517 2443 851 2555 Meydburgensi
886 2443 1153 2529 Theutunico
1187 2444 1444 2555 respondere
1479 2444 1535 2525 ad
1570 2443 1740 2545 obiecta
1776 2443 1949 2528 cuilibet
1978 2444 2033 2528 sit

376 2566 593 2669 astrictus3
616 2572 740 2673 prout
760 2562 866 2647 inter
887 2572 1027 2645 cetera
1046 2563 1088 2645 in
1110 2564 1295 2675 quodam
1316 2563 1534 2674 privilegio
1555 2564 1814 2649 invictissimi
1831 2564 2031 2676 principis

376 2694 420 2768 et
441 2682 616 2787 domini,
639 2681 796 2766 domini
816 2681 1023 2766 Lo'dovici
1046 2682 1141 2765 olim
1162 2680 1392 2793 Hungarie'
1406 2692 1448 2764 et
1470 2682 1641 2766 Polonie
1660 2685 1788 2794 regis,
1807 2672 2032 2767 indelende

374 2804 573 2886 memorie
596 2802 797 2910 genitoris
819 2800 951 2884 nostri
972 2802 1195 2905 carissimi,
1231 2802 1430 2904 vidimus,
1465 2801 1627 2911 plenius
1649 2804 1893 2887 continenti.
1946 2801 2034 2885 Ta·

375 2950 474 3004 men
495 2947 572 3004 vos
593 2918 776 3004 Palatini
811 2919 1063 3021 Camellani,
1100 2919 1276 3002 dudices
1298 2930 1341 3001 ct
1361 2917 1622 3023 subiudices‚
1664 2948 1716 3002 ac
1739 2920 1807 3002 alii
1829 2918 2033 3006 officiales

373 3039 497 3149 regni
532 3040 684 3141 nostri,
719 3039 870 3147 spretis
905 3038 1185 3149 indulgenciis
1223 3048 1266 3120 et
1302 3035 1644 3122 concessionibus
1682 3041 1882 3151 genitoris
1903 3041 2035 3127 nostri
2115 3054 2118 3060 ’

377 3157 628 3268 supradicti,
665 3156 843 3237 eundem
887 3155 1142 3266 Sydelonem
1165 3156 1318 3266 atejus
1348 3156 1552 3241 scultetos
1575 3166 1619 3239 et
1638 3167 1852 3241 cmetones
1872 3183 1958 3240 non
1978 3157 2036 3241 ad

374 3276 455 3361 Jus
493 3275 808 3361 Theutunicum
845 3272 972 3359 Curie
1009 3285 1148 3359 nostre
1186 3275 1486 3379 Sandeceusis,
1517 3274 1593 3357 sed
1623 3278 1765 3387 potius
1786 3276 1828 3360 in
1847 3284 2036 3363 vestrum

374 3396 620 3481 Polonicum
644 3404 686 3477 et
705 3393 845 3477 nobile
876 3394 1042 3476 trahere
1073 3396 1307 3478 niteremini
1329 3393 1438 3508 (sic),
1472 3405 1619 3479 contra
1653 3394 1867 3479 libertates
1899 3386 2036 3481 eidem

378 3512 604 3599 concessas
642 3541 669 3597 a
687 3515 807 3623 regia
828 3514 1062 3622 majestate.
1116 3509 1385 3626 Quapropter
1419 3514 1542 3599 vobis
1579 3515 1771 3599 omnibus
1796 3525 1839 3599 et
1858 3516 2035 3629 singulis

377 3633 672 3744 suprascriptis
697 3641 739 3713 et
758 3635 1003 3741 praesertim
1025 3631 1147 3716 vobis
1169 3632 1350 3743 Kryslao
1375 3632 1616 3718 Castellano
1638 3632 1925 3719 Sandeczensi
1946 3662 2037 3720 mo-

382 3754 510 3836 derno
532 3760 575 3834 et
594 3754 710 3836 vices
741 3762 905 3834 vestras
937 3750 1186 3862 gerentibus
1220 3762 1263 3834 et
1291 3750 1608 3838 suecessoribus
1637 3754 1891 3864 precipimus
1912 3758 1956 3835 et
1976 3751 2038 3837 di·
2083 3790 2088 3797 ·

377 3872 531 3954 stincte
553 3870 823 3974 mandamus,
846 3881 1057 3981 quatenus
1079 3871 1216 3979 ipsum
1239 3868 1495 3979 Sydelonem
1531 3900 1557 3954 a
1576 3873 1727 3956 vestris
1764 3870 2037 3961 citationibus

258 4080 264 4091 ,
377 4000 421 4071 et
440 3988 620 4072 dudiciis
650 3990 909 4092 relaxantes,
932 3989 986 4071 ad
1008 3989 1088 4072 dus
1112 3989 1420 4073 Theutunicale
1453 3991 1568 4102 quod
1600 3990 1941 4103 Meydburgense
1974 3989 2037 4074 di·
2084 4054 2087 4064 .

314 4202 315 4207 Ν
378 4109 497 4209 citur,
513 4106 627 4189 etad
643 4107 813 4193 Curiam
833 4119 1018 4191 nostram
1041 4107 1375 4213 Sandecensem,
1391 4110 1434 4192 in
1451 4109 1746 4217 questionibus
1769 4118 1918 4195 contra
1937 4138 2035 4193 eum

377 4227 501 4310 motis
522 4226 591 4309 vel
608 4226 848 4330 movendis,
875 4226 1000 4335 juxta
1035 4254 1205 4310 suorum
1244 4229 1556 4338 privilegiorum
1591 4238 1799 4321 tenorem.
1843 4229 2034 4314 debeatis

376 4348 604 4441 remittere,
635 4346 724 4429 sine
757 4343 1007 4430 difficultate
1037 4342 1227 4451 aliquali3
1269 4344 1520 4431 Praesentes
1553 4358 1696 4433 autem
1717 4360 1815 4456 post
1832 4347 2035 4433 lectruam

376 4466 496 4546 reddi
510 4464 709 4573 jubemus
731 4464 1002 4573 presentanti.
1055 4463 1213 4544 Datum
1239 4461 1422 4547 Crocoor‘e
1441 4468 1534 4577 ipsa
1557 4468 1626 4548 die
1643 4468 1758 4551 Festi
1779 4468 1895 4552 beati
1914 4466 2036 4550 Luce

380 4583 660 4694 ewangeliste.
702 4580 827 4667 Anno
846 4581 1017 4667 Domini
1036 4579 1256 4668 Millesimo
1277 4587 1573 4671 trecentesimo
1596 4588 1886 4701 octuagesimo
1908 4610 2036 4701 quar-

377 4711 424 4789 to
444 4704 565 4816 regni
587 4711 729 4785 autem
748 4704 879 4788 nostri
899 4726 1010 4786 anno
1031 4701 1177 4810 primo.
1991 4698 1996 4703 ’
