5409 6309
1035 798 1317 871 -na-

342 1027 395 1082 ac
414 997 625 1109 posteris
614 1026 658 1079 ιιι
680 992 831 1084 eadem
865 993 965 1080 villa
995 994 1248 1078 conferimus
1287 990 1546 1079 Sculteciam
1579 993 1687 1079 Jure
1719 967 2008 1085 haereditario

342 1125 548 1226 perpetuo
585 1112 893 1222 possidendam
910 1122 954 1194 et
975 1121 1143 1194 sextum
1162 1139 1358 1198 mansum
1378 1111 1577 1224 liberum,
1596 1114 1831 1220 tabernam,
1852 1116 2009 1200 macel-

339 1232 424 1314 lum
446 1230 694 1314 carnificum
718 1237 761 1309 et
781 1229 888 1311 duas
909 1255 1100 1330 mensas,
1123 1255 1253 1310 unam
1272 1215 1525 1337 panificum,
1550 1238 1592 1311 et
1612 1230 1736 1316 aliam
1757 1232 2008 1342 calcipario-
2041 1287 2044 1298 ·
2109 1317 2118 1340 s
2221 1307 2227 1316 ,

339 1346 557 1459 rum(sic),
578 1346 647 1428 De
668 1343 699 1428 J
700 1345 826 1452 udrcr
829 1372 850 1425 s
871 1373 973 1429 vero
994 1346 1164 1427 tertium
1186 1346 1416 1462 denarium,
1434 1344 1521 1429 Sed
1536 1373 1612 1455 pro
1628 1347 1751 1434 nobis
1759 1357 1844 1431 aut
1858 1352 2010 1434 eodem

340 1463 524 1548 Comite
543 1461 750 1545 Virbenta
771 1463 824 1542 de
848 1463 1008 1544 eisdem
1045 1460 1151 1545 duos
1187 1473 1467 1565 reservantes,
1488 1462 1539 1556 In
1562 1463 1711 1545 eadem
1747 1476 1889 1549 autern
1911 1464 2009 1549 villa
2075 1479 2079 1490 '
2179 1512 2184 1523 ·
2223 1427 2231 1448 ι

339 1581 537 1689 specialis
557 1581 730 1660 nuntius
751 1587 894 1661 noster
913 1581 1043 1660 term
1063 1577 1188 1660 Anno
1210 1577 1431 1661 dudicium
1451 1579 1581 1664 faciet
1600 1588 1645 1662 et
1664 1584 1804 1664 omnia
1833 1581 2009 1664 dudicia
2094 1652 2100 1661 .

342 1707 385 1779 et
404 1698 580 1806 negotia
599 1695 642 1775 in
665 1695 814 1778 eadem
835 1695 933 1777 villa
954 1703 997 1775 et
1016 1721 1162 1778 omnes
1186 1695 1356 1778 Causae
1379 1724 1558 1805 semper
1576 1697 1812 1779 secundum
1829 1725 2009 1781 consue-

338 1813 529 1895 tudinem
565 1811 596 1896 J
600 1837 684 1893 uns
720 1811 972 1894 Franconici
1007 1812 1281 1919 disponentur
1303 1822 1346 1893 et
1366 1813 1717 1916 terminabuntur,
1739 1823 1796 1895 et
1788 1842 1837 1904 s1
1825 1814 2008 1925 aliquis

199 1947 202 1952 ’
341 1929 481 2018 Casus
503 1929 647 2038 gravis
670 1939 713 2011 et
733 1932 913 2012 enormis
938 1930 1169 2031 emerserit
1185 1938 1287 2010 tunc
1309 1917 1527 2039 adipsum
1545 1931 1859 2026 terminandum
1881 1939 1924 2011 et
1945 1929 2009 2010 di-

340 2042 608 2129 scutiendum
630 2044 872 2153 Specialem
892 2041 1088 2125 n'untium
1108 2057 1299 2128 nostrum
1322 2048 1565 2158 dirigemus,
1585 2048 1654 2132 vel
1673 2075 1709 2128 si
1698 2046 1777 2128 de
1794 2044 2009 2158 aliquibus
2033 2051 2038 2062 '

340 2161 519 2270 duribus
540 2160 671 2241 huius
685 2160 808 2243 villae
831 2158 1074 2243 dubitatum
1093 2160 1239 2265 fuerit,
1276 2193 1302 2244 a
1324 2163 1618 2249 dubitantibus
1641 2165 1696 2247 ad
1717 2161 1799 2244 Jus
1819 2161 2011 2245 Franco·

339 2280 482 2360 nicum
516 2289 767 2396 recurretur
829 2274 1034 2361 Volumus
1071 2289 1114 2359 et
1149 2279 1355 2361 santimus
1397 2281 1516 2390 quod
1553 2280 1690 2360 dictus
1714 2254 1929 2363 Scultetus
1967 2282 2013 2358 et

341 2420 487 2477 omnes
523 2394 663 2476 villani
700 2387 788 2477 eius
826 2392 881 2477 ab
918 2397 1029 2477 omni
1072 2393 1377 2479 durisdictione
1400 2407 1443 2478 et
1460 2405 1673 2534 potestate
1705 2397 1937 2482 Oastellani
1966 2397 2011 2474 et
2136 2429 2143 2438 ·

340 2510 522 2595 Palatini
543 2509 840 2595 Oracoviensis
857 2521 902 2593 et
916 2510 1154 2594 dudicum
1142 2539 1327 2622 rpsorum
1346 2522 1391 2595 et
1406 2513 1591 2598 omnium
1612 2515 1789 2598 aliorum
1804 2512 2033 2596 Judieum·

340 2639 547 2737 perpetuo
583 2626 704 2709 liberi
740 2631 826 2708 sint
848 2638 890 2708 et
911 2631 1114 2737 exempti,
1147 2639 1190 2710 et
1210 2631 1328 2737 quod
1356 2659 1434 2735 per
1466 2632 1732 2713 Camerarios
1769 2632 1892 2709 citari
1925 2653 2011 2709 non

340 2739 637 2846 debeant‘sed
658 2772 735 2851 per
754 2745 938 2826 litteram
960 2744 1115 2827 annulo
1136 2753 1281 2827 nostro
1302 2743 1531 2854 sigillatam
1561 2752 1742 2848 tantum,
1764 2754 1808 2825 et
1828 2771 1903 2854 per
1925 2744 2010 2829 Oa·
2046 2747 2049 2754 ’

338 2862 564 2944 mererium
583 2870 900 2967 praesentatam
921 2860 978 2941 ad
997 2863 1284 2996 praesentiam
1304 2870 1492 2941 nostram
1513 2887 1601 2944 non
1617 2861 1736 2943 aliter
1752 2861 2009 2958 citabuntur,

340 2978 447 3061 etin
467 2981 708 3086 praesentia
728 2986 874 3060 nostra
894 3003 978 3059 non
1000 2977 1180 3058 aliter
1139 2978 1220 3057 nrsi
1241 3002 1317 3084 suo
1339 2974 1445 3058 dure
1467 2975 1735 3060 Theutonico
1756 2975 2010 3057 iudicabun-
2085 3038 2088 3044 ,
2153 3037 2157 3046 .

295 3131 300 3136 ·
340 3105 421 3196 tur,
445 3093 779 3178 Concedimus
767 3120 940 3202 insuper
978 3092 1114 3172 eidem
1150 3073 1342 3174 Sculteto
1366 3102 1409 3172 et
1427 3089 1603 3196 villanis,
1624 3094 1795 3203 quod
1760 3119 1820 3172 ers
1841 3091 2010 3197 semper

198 3261 202 3269 -
338 3213 468 3293 liceat
488 3237 586 3288 cum
607 3207 872 3318 quibuslibet
891 3207 1102 3290 mercibus
1123 3209 1302 3289 transire
1318 3235 1394 3316 per
1408 3217 1632 3326 utramque
1664 3218 1819 3291 terram
1841 3208 2010 3344 absque

340 3355 454 3413 omni
443 3325 682 3409 solutione
719 3326 889 3435 thelonij
912 3336 956 3407 et
977 3327 1209 3408 exactione
1263 3324 1323 3409 Ut
1345 3335 1488 3408 autem
1507 3326 1616 3407 haec
1637 3329 1837 3409 universa
1858 3335 1902 3407 et
1921 3325 2008 3406 sin-

339 3445 441 3555 gula
461 3441 590 3526 robur
608 3452 843 3552 perpetuae
864 3443 1104 3528 obtinerent
1123 3441 1334 3526 firmitatis
1360 3446 1433 3524 et
1421 3472 1465 3525 ιιι
1486 3451 1603 3526 statu
1623 3469 1794 3550 semper
1808 3441 2009 3526 incolumi

338 3561 632 3670 perdurarent,
651 3570 921 3669 praesentem
943 3562 982 3643 ei
1001 3564 1206 3671 paginam
1226 3562 1270 3643 in
1291 3561 1581 3645 testimonium
1603 3569 1646 3640 et
1664 3587 1894 3668 perennem
1920 3586 2010 3640 me·

339 3679 515 3762 moriam
538 3703 664 3786 super
684 3678 749 3759 his
770 3674 948 3762 fecimus
970 3676 1180 3761 conscribi
1197 3687 1241 3759 et
1255 3680 1390 3762 nostri
1411 3677 1546 3788 Sigilli
1561 3679 1790 3761 munimine
1804 3674 2008 3758 roborari.

203 3839 208 3848 ·
340 3795 453 3878 Acta
474 3802 574 3875 sunt
594 3796 700 3876 haec
731 3793 855 3878 Anno
886 3796 1059 3879 Domini
1079 3795 1135 3876 M
1161 3793 1248 3879 GU
1270 3793 1508 3879 LXXVI
1560 3794 1796 3878 Indictione
1833 3789 2008 3894 Quarta,

274 3919 278 3926 '
340 3912 509 4020 Epacta
530 3911 680 3995 Tertia
702 3910 990 3996 Concurrente
1015 3911 1174 3995 Tertio.
1226 3905 1528 3998 Praesentibus
1548 3912 1614 3994 his
1637 3937 1818 4023 quorum
1838 3911 2011 3992 nomina

341 4038 440 4111 sunt
460 4029 552 4109 ista:
586 4029 742 4112 Comes
766 4028 873 4110 Vars
892 4029 1004 4116 Cast
1006 4029 1166 4112 ellanus
1190 4027 1507 4130 Oracoviensis,
1530 4028 1685 4110 Oomes
1705 4015 1912 4133 Neustup
1924 4026 2010 4107 Pa·

279 4155 289 4170 '
339 4146 494 4228 latinus
532 4143 847 4247 cracoviensis,
884 4145 1040 4232 Comes
1078 4145 1294 4253 Sbigneus
1332 4144 1476 4234 Judex
1508 4142 1822 4246 Cracoviensis,
1854 4139 2035 4224 Comes

287 4269 291 4278 ‘
342 4255 573 4344 Okreslaus
595 4261 783 4346 Venator
805 4261 1170 4363 Sandomiriensis,
1192 4260 1348 4346 Comes
1371 4260 1564 4345 doannes
1586 4259 1895 4344 Thesaurarius
1916 4257 2010 4339 Du-

223 4405 226 4412 *
341 4379 500 4481 cissae,
534 4378 742 4461 Dominus
777 4377 969 4463 Joannes
1006 4380 1145 4461 dictus
1177 4377 1352 4460 Troiani
1388 4378 1547 4482 Rector
1566 4377 1786 4461 Ecclesiae
1808 4375 1860 4456 de
1884 4369 2006 4490 Gory,

342 4524 417 4606 qur
405 4494 562 4576 huius
582 4495 763 4604 Negocij
784 4495 865 4579 firit
884 4497 1110 4599 ordinator,
1132 4505 1175 4578 et
1195 4496 1262 4603 alij
1285 4523 1415 4605 quam
1446 4475 1600 4609 plures.
1652 4494 1813 4578 Datum
1849 4490 2009 4575 Cracc-

342 4614 438 4744 siae
459 4610 524 4694 III
545 4609 647 4695 Idus
668 4612 781 4720 May.

434 5006 512 5048 Τοιιι
525 5007 563 5053 lu.
