5409 6309
1029 785 1317 910 ,m-

340 1013 423 1138 mie
444 1045 489 1120 et
509 1037 596 1120 dux
616 997 771 1138 Sleci'c,
800 1032 1081 1151 Marchioque
1112 1033 1303 1119 mortuis
1329 1032 1380 1116 in
1406 1028 1608 1128 omuibus
1634 1049 1785 1120 summ
1806 1032 2016 1152 clausulis,

310 1225 314 1228 .
341 1155 527 1256 maculis
549 1164 594 1238 st
610 1154 784 1264 punctis
804 1151 1022 1255 munuera,
1041 1150 1281 1260 approbare
1303 1177 1357 1233 au
1375 1147 1591 1232 rectificare
1608 1149 1888 1257 inseruimus
1910 1179 2017 1264 que·

143 1323 148 1330 ,
247 1276 260 1312 ·.
339 1272 614 1358 mdmodum
648 1271 923 1373 mmmmm,
969 1270 1259 1377 approbamus
1296 1277 1342 1352 et
1373 1264 1638 1352 ratificamus
1674 1287 1750 1378 per
1785 1277 2019 1378 precem,
2100 1346 2107 1354 .

339 1391 531 1477 volentes
546 1387 735 1499 prefatos
753 1391 869 1472 ciues
887 1388 1183 1498 oppauienses,
1200 1385 1275 1498 qui
1291 1409 1406 1471 nunu
1421 1393 1525 1468 sunt
1537 1394 1803 1472 etsuceassu
1816 1389 2019 1497 temperie
2055 1485 2059 1490 Δ

338 1510 382 1592 in
401 1507 591 1590 flitmum
611 1514 757 1620 erunt,
786 1507 984 1591 omnibus
1011 1504 1314 1616 prerogatiuis,
1346 1503 1525 1614 grouijs‚
1559 1502 1888 1610 donaciouibus,
1916 1497 2020 1616 ipsis
2100 1537 2104 1544 -
2174 1541 2180 1554 ·

314 1631 417 1736 'per
434 1625 760 1733 predecessores
789 1635 957 1709 nosnos
990 1623 1203 1705 concessis
1224 1630 1268 1703 et
1286 1648 1365 1731 per
1395 1645 1474 1707 nos
1504 1622 1739 1726 innovatis,
1768 1619 2017 1731 approbati.

339 1745 384 1824 et
401 1740 621 1836 metecus
651 1743 869 1851 perpetuis
900 1732 1164 1846 temporibus
1196 1739 1368 1852 absque
1388 1742 1534 1830 riostw
1555 1740 1833 1850 omniumque
1852 1749 2019 1827 nestro·

175 1947 180 1954 x
338 1886 430 1942 rum
452 1885 759 1948 successorum.
774 1888 833 1943 ac
854 1860 1030 1942 aliarum
1049 1884 1328 1967 personarum
1358 1859 1515 1973 quovis
1545 1853 1851 1966 impedimento
1874 1859 2018 1970 quiete

339 1985 383 2058 et
401 1973 580 2085 pacifice
610 1974 709 2079 frui,
739 1978 865 2087 potiri
897 1985 942 2060 et
961 1976 1173 2084 gaudere,
1203 1977 1498 2086 precipueque
1518 1974 1564 2056 in
1584 1975 1766 2062 uansitn
1788 1984 1831 2058 et
1851 1975 2020 2085 dcpcei·
2085 1969 2092 1980 '
2137 2045 2145 2056 .

326 2094 462 2192 ¹cione
499 2096 701 2175 mercium
724 2103 768 2177 et
787 2094 963 2178 aliarum
998 2119 1139 2176 rerum
1169 2095 1214 2175 in
1244 2092 1420 2202 prefatis
1450 2091 1580 2176 literis
1607 2092 1755 2204 ,Regis
1792 2081 2019 2178 Venceslai

339 2209 493 2296 clarius
525 2237 831 2318 expressarum.
895 2208 1080 2311 Quodsi
1102 2213 1199 2322 quis
1230 2237 1341 2294 ausu
1369 2203 1595 2294 temerario
1625 2209 1923 2318 hujuscemodi
1941 2239 2018 2297 uo·

339 2337 522 2411 atrorum
557 2327 909 2438 predecessorum
943 2328 1154 2440 generalis
1191 2327 1395 2412 transitus
1426 2338 1470 2410 et
1501 2326 1744 2435 depositorij
1776 2330 2020 2415 concessio·
2059 2361 2063 2367 ·

338 2472 458 2550 nem,
473 2446 680 2554 hancque
700 2437 889 2531 nostram
908 2448 1237 2532 innuuacionem
1254 2457 1296 2529 et
1310 2442 1673 2556 approbacionem
1694 2443 1923 2556 infringere
1946 2454 2067 2532 aut'
2181 2507 2185 2550 :
2300 2433 2303 2444 ¹

341 2562 478 2646 eidem
514 2563 667 2674 quovis
703 2565 870 2675 quesite
908 2562 1049 2674 colore
1085 2568 1293 2651 contraire
1329 2566 1580 2665 tentauerit,
1617 2571 1661 2646 et
1701 2563 2023 2673 quomodolibet

339 2681 661 2789 presumpserit,
683 2691 760 2764 aut
780 2680 964 2766 eundem
996 2684 1240 2792 generalem
1270 2686 1496 2773 transitum
1517 2688 1563 2765 et
1583 2679 1885 2789 depositorium
1917 2683 2022 2768 ciui·

342 2797 419 2878 tati
438 2799 653 2910 predicte,
684 2801 746 2881 sic
774 2810 826 2884 ut
854 2801 1109 2910 premissum
1141 2810 1226 2906 est,
1260 2805 1410 2885 datum
1440 2811 1486 2883 et
1516 2825 1770 2882 concessum
1790 2801 2021 2906 pertransi-
2082 2811 2085 2814 ‘

341 2915 451 2995 uerit
466 2976 475 3017 ,
489 2918 559 2998 vel
581 2920 734 3026 quouis
756 2917 884 3002 modo
906 2918 1200 3022 declinauerit,
1216 2919 1407 3029 poterint
1423 2916 1579 3024 prefati
1600 2917 1716 2998 eines
1738 2918 2021 3024 oppauienses

339 3043 382 3111 et
403 3059 549 3116 eorum
570 3035 796 3138 posteritas
826 3034 1124 3140 hujuscemodi
1154 3037 1491 3143 preuaricatores
1522 3041 1566 3115 et
1584 3030 1783 3136 rebelles,
1814 3059 2021 3119 unacum

337 3146 536 3232 omnibus
570 3158 614 3230 et
643 3150 821 3259 singulis
854 3149 979 3234 bonis
1013 3161 1057 3235 et
1085 3148 1213 3235 rebus
1244 3154 1454 3263 ipsarum
1486 3155 1576 3236 siue
1606 3149 1693 3232 sint
1714 3149 1834 3261 equi,
1870 3150 2019 3254 boues,

338 3290 455 3369 oues,
476 3267 597 3367 vina,
616 3265 859 3374 plumbum,
881 3271 963 3350 aut'
976 3267 1056 3351 alie
1079 3297 1337 3383 quecunque
1359 3289 1537 3371 merces,
1559 3267 1603 3349 in
1621 3276 1881 3378 potestatem
1902 3267 2018 3376 ipsa·
2041 3277 2047 3311 ³

336 3409 431 3465 rum
452 3382 552 3493 (sic)
584 3384 627 3464 in
657 3383 823 3494 prefato
861 3386 1021 3469 ducatu
1063 3386 1334 3494 oppauiensi,
1356 3391 1398 3471 in
1420 3385 1587 3499 hijsque
1620 3383 1875 3500 generaliter
1903 3381 2019 3487 locis,

338 3493 424 3612 que
454 3507 557 3582 tunc
588 3502 689 3583 dum
719 3503 823 3612 ipsis
855 3503 1152 3612 hujuscemodi
1184 3503 1478 3618 prerogatiue,
1515 3503 1662 3614 gracie
1694 3511 1738 3585 et
1759 3499 2018 3585 donaciones
2168 3540 2176 3553 ·
2283 3523 2290 3538 ⁸

337 3645 413 3731 per
432 3619 758 3727 predecessores
788 3634 957 3706 nostros
992 3613 1090 3705 date
1112 3633 1158 3707 et
1177 3650 1379 3708 concesse
1411 3630 1530 3725 sunt,
1561 3617 1618 3703 ad
1650 3619 1853 3704 ducatum
1884 3631 2019 3729 oppa·

286 3777 289 3786 <
337 3735 527 3820 uicusem
549 3737 785 3850 antiquitus
805 3735 1050 3850 pertineb'at
1071 3738 1170 3854 (sic)
1191 3743 1403 3851 recipere,
1425 3746 1624 3842 arestare,
1647 3735 1846 3839 detinere,
1867 3735 2018 3849 sicque

340 3864 546 3960 arestata,
564 3857 751 3944 detenda
771 3868 814 3950 et
832 3868 1009 3969 recepta
1021 3857 1149 3968 juxta
1161 3859 1261 3967 jura
1283 3868 1328 3942 et
1347 3858 1672 3946 constitutiones
1716 3857 1897 3969 desuper
1918 3879 2017 3939 san-
2137 3875 2141 3884 “

309 4029 312 4034 -
337 3972 448 4059 xitas
472 3969 570 4087 (sic)
592 3981 795 4082 tractare,
818 3977 938 4061 etad
960 4005 1069 4088 quos
1091 3977 1240 4062 volunt
1257 4003 1362 4062 vsus
1385 3984 1652 4080 conuertere,
1685 3983 1731 4059 et
1748 3976 1832 4057 hoc
1851 3973 2017 4062 tociens
2170 4047 2173 4054 .

274 4145 278 4156 ·
340 4090 557 4200 quociens·
574 4091 817 4202 hujusmodi
847 4097 1058 4207 generalis
1095 4097 1299 4180 transitus
1322 4104 1367 4180 et
1388 4093 1633 4205 depositarij
1656 4089 1754 4206 (sic)
1776 4098 2018 4202 uansgmse
2176 4167 2184 4182 .

340 4208 499 4289 sionem
523 4215 566 4289 et
587 4209 919 4298 declinacionem
948 4244 1026 4323 per
1055 4225 1341 4328 quoscunque
1364 4213 1459 4299 fieri
1479 4213 1724 4324 contingat,
1757 4206 1952 4296 omnibns
1974 4217 2019 4291 et
2045 4220 2054 4231 '

340 4324 517 4435 singulis
549 4330 704 4411 nostris
736 4329 919 4414 subditis
947 4342 1084 4439 peret
1112 4329 1220 4415 infra
1244 4333 1450 4417 ducatum
1470 4339 1661 4414 nostrum
1683 4327 1818 4414 Slesie
1837 4324 2017 4409 vbinber

338 4444 580 4554 constitutis
602 4446 891 4555 spiritualibus
911 4458 956 4531 et
976 4449 1259 4554 secularibus,
1291 4452 1586 4560 cujuscunque
1609 4444 1848 4558 dignitatis,
1870 4443 2017 4528 condi·
2073 4457 2078 4466 '

233 4565 240 4574 '
339 4561 471 4646 cionis
492 4572 536 4648 et
556 4569 693 4645 status
723 4562 914 4670 fuerunt,
951 4566 1148 4676 fidelibus
1184 4569 1337 4652 nostris
1375 4567 1540 4651 dilectis
1578 4565 1766 4652 districte
1801 4560 2012 4644 mandatis

338 4680 491 4762 nostris
512 4680 642 4790 regijs
662 4681 956 4792 precipientes,
978 4696 1028 4767 ut
1046 4694 1300 4770 memoratos
1322 4688 1440 4772 ciues
1461 4686 1766 4796 oppauienses,
1788 4675 2014 4791 juxta'bu·

337 4795 521 4917 iusmodi
542 4798 734 4910 graciam
752 4801 855 4910 ipsis
878 4827 1148 4908 concessam,
1170 4813 1222 4887 ac
1243 4812 1433 4889 nostram
1463 4804 1789 4889 innouccionem
1818 4804 2015 4882 manute-

338 4940 458 5017 nere,
492 4921 722 5030 protegere
753 4929 797 5003 et
827 4915 1049 5008 defensare
1079 4919 1289 5012 onmem
1307 4907 1461 5014 'modu
1496 4930 1722 5018 mutantur
1742 4948 1794 5008 ac
1818 4909 2019 5051 dibimt’.

1258 5103 1260 5106 ,
1846 5051 1909 5116 21·
