5409 6309
1078 857 1132 875 ·-·
1174 822 1256 933 ‚21⁷
1312 814 1381 895 ¹¹?-

389 1019 544 1101 nimine
581 1045 632 1102 ac
668 1017 865 1102 Fratrum
910 1006 1149 1103 hostrorum
1181 1019 1377 1102 duximus
1406 1017 1704 1105 roborandam.
1755 1018 2060 1108 Praesentibus

388 1122 593 1240 testibus,
629 1137 781 1220 Fratre
816 1132 1241 1243 doanne'quondam
1277 1135 1452 1220 Abbate
1492 1132 1605 1219 Calvi
1635 1136 1773 1221 nuntie
1794 1135 1863 1249 (³),
1908 1139 2060 1223 Fratre
2211 1150 2213 1157 ’

387 1252 571 1337 Matthia
612 1255 813 1357 Oellario,
848 1251 998 1337 Fratre
1038 1251 1276 1337 Venoeslao
1312 1261 1356 1334 et
1390 1253 1542 1337 Fratre
1574 1254 1741 1339 Joanne
1774 1253 1985 1358 Custode,
2017 1265 2061 1338 et
2203 1296 2207 1303 ·

386 1372 749 1575 ffluagoplupiblus
765 1369 884 1570 Valys
925 1369 1011 1452 fide
1054 1366 1207 1482 dignis‘.
1268 1370 1430 1470 Datum
1459 1372 1504 1453 in
1537 1372 1691 1478 Tyneta
1725 1369 1851 1454 Anno
1888 1371 2061 1458 Domini
2095 1472 2099 1477 p

332 1707 341 1715 ’
415 1778 419 1783 .
487 1723 536 1803 ,(3)
558 1721 648 1808 Kyra
664 1718 760 1801 Gdrc,
776 1719 1010 1786 monasterium
1025 1718 1058 1783 in
1074 1716 1194 1805 Regno
1210 1717 1382 1795 Poloniae.

1140 2148 1316 2269 XCVII.

643 2386 959 2490 cracoviae
970 2447 1015 2463 -
1026 2400 1104 2490 29
1121 2402 1448 2486 Decembris
1473 2399 1625 2524 1346
1643 2422 1825 2489 anno„

390 2597 610 2702 &oannis
625 2624 701 2699 dieti
716 2620 845 2695 Gir-ot
865 2566 1002 2712 apaan
1023 2620 1231 2721 brunnensis
1248 2600 1286 2691 a
1300 2619 1466 2710 pomeriis
1486 2620 1615 2694 decinis
1636 2638 1762 2695 nemra
1782 2622 1947 2714 episcopali
1966 2626 2063 2715 pam.

581 2824 598 2841 Ι.
653 2716 672 2775 ⁴·
768 2723 911 2796 atrurn
931 2721 1073 2794 villam
1093 2722 1208 2811 Byrsa
1223 2722 1256 2793 st
1272 2720 1441 2813 Pruqinsa
1456 2723 1613 2796 decretum
1630 2727 1684 2807 (ι).

418 2936 424 2975 ³
497 2935 549 3019 In
567 2908 737 3016 nomine
756 2928 930 3011 Domini
949 2924 1101 3009 Amen
1153 2923 1280 3010 Ratio
1321 2928 1477 3009 suadet
1499 2936 1542 3008 et
1562 2928 1759 3035 aequitas
1780 2936 1829 3010 ut
1847 2927 2064 3011 Ecclesia·

396 3055 529 3138 uticae
550 3048 721 3131 utilitati
742 3044 1030 3147 consulentes,
1045 3044 1086 3124 in
1104 3042 1380 3152 ampliatione
1401 3042 1614 3127 huetium
1638 3054 1681 3143 et
1698 3045 1910 3145 redituum
1930 3044 2063 3152 ipsius

395 3197 495 3256 cum
514 3174 736 3247 teneamus
758 3158 931 3244 modum
952 3168 1099 3269 aptum
1123 3169 1166 3241 et
1184 3161 1429 3267 honestum,
1458 3188 1536 3271 per
1568 3189 1695 3272 quem
1718 3161 1902 3248 conditio
1923 3161 2065 3269 potior

394 3284 588 3372 redditur
621 3279 844 3363 Ecclesiae
881 3285 925 3360 at
954 3275 1064 3360 dura
1103 3277 1235 3386 ipsius
1256 3278 1301 3360 in
1320 3279 1464 3389 aliqua
1498 3288 1619 3388 parte
1654 3307 1740 3364 non
1775 3277 2069 3395 molestentur..

393 3401 577 3489 Proinde
614 3425 693 3482 nos
729 3396 921 3481 doannes
956 3395 1112 3479 Divina
1136 3405 1179 3479 et
1197 3395 1471 3507 Apostolicae
1510 3398 1633 3483 Sedis
1663 3396 1931 3505 providentia
1961 3396 2065 3505 Epi·

228 3514 234 3525 ’
394 3544 552 3630 scopus
575 3514 869 3601 cracoviensis
885 3520 1039 3599 notum
1059 3511 1240 3597 facimus
1261 3517 1471 3599 mriversis
1492 3525 1582 3598 tam
1601 3514 1899 3624 praesentibus
1934 3540 2065 3622 quam

393 3636 546 3722 futuris
566 3640 834 3745 praesentem
855 3631 1059 3740 paginam
1098 3634 1366 3742 inspecturis.
1419 3630 1546 3732 Quod
1566 3634 1665 3716 licet
1682 3632 1914 3717 Ometones
1938 3639 1981 3714 et
1999 3630 2065 3713 in·

396 3755 518 3841 colae
553 3753 744 3837 villarum
779 3749 977 3833 videlicet
1015 3750 1061 3830 in
1099 3750 1247 3858 layna
1269 3753 1376 3833 etin
1394 3751 1593 3864 Prch'r‘no
1613 3748 1668 3865 (⁹)
1704 3750 1837 3837 multo
1872 3760 2065 3859 tempore

396 3874 599 3976 firissent,
635 3868 896 3955 authoritate
924 3874 1090 3971 nostra,
1122 3867 1344 3954 Sententia
1364 3869 1832 3972 excommunicationis,
1862 3867 2065 3970 innodati,

394 4017 473 4105 pro
495 4017 546 4073 eo
569 3986 686 4095 quod
719 3986 927 4070 decimam
955 4010 1072 4070 more
1101 3988 1277 4095 pristino
1296 3990 1341 4070 in
1362 3987 1525 4096 campis
1556 3986 1679 4072 nobis
1710 3988 1873 4073 solvere
1892 3998 2066 4089 recusa-

396 4108 524 4210 bant,
544 4112 781 4215 'poscentes
804 4112 846 4186 et
867 4112 957 4187 toto
977 4102 1123 4187 labore
1144 4106 1294 4189 virium
1315 4105 1439 4191 nobis
1461 4106 1671 4189 humiliter
1690 4103 1997 4214 supplicantes,
2017 4112 2067 4183 nt

379 4242 475 4338 'pro
498 4223 662 4306 decima
685 4221 834 4306 eadem
854 4219 1040 4306 fertones
1070 4222 1230 4304 usualis
1254 4230 1297 4304 et
1317 4225 1522 4308 currentis
1552 4232 1751 4308 monetae
1781 4222 1971 4330 recipere
1998 4217 2068 4303 di·

400 4366 628 4454 gnaremur
649 4369 701 4424 ex
722 4341 862 4423 causis
894 4348 939 4422 et
966 4338 1220 4444 rationibus,
1262 4366 1373 4447 quas
1392 4367 1471 4452 pro
1492 4369 1538 4424 se
1560 4341 1821 4453 allegabant.
1872 4339 1964 4422 Nos
1985 4335 2067 4420 ita·

284 4514 286 4518 Α
401 4454 652 4572 quehabito
674 4455 849 4542 consilio
872 4465 914 4539 et
931 4483 1020 4538 una
1041 4484 1139 4538 cum
1161 4456 1373 4542 consensu
1391 4460 1590 4544 Fratrum
1611 4468 1848 4544 nostrorum
1880 4454 2069 4565 Oapituli

398 4572 699 4685 Cracoviansis
720 4600 865 4673 eorum
884 4570 1114 4703 humilibus
1149 4576 1529 4685 supplicationibus
1561 4578 1790 4662 clementer
1821 4581 2067 4677 annuentes,

505 4832 550 4912 (¹)
570 4828 800 4918 Apograp'hon
812 4794 816 4801 .
829 4853 849 4897 a
862 4829 1087 4918 Leplrowscio
1102 4827 1275 4899 habuimus
1291 4832 1402 4900 deseri
1425 4842 1504 4898 turn.
1723 4837 1730 4845 '

505 4913 550 4996 (')
571 4917 625 4981 De
639 4913 719 4981 villa
733 4912 897 5005 Prrcpinic
910 4914 985 4983 vide
997 4916 1066 5002 Jem
1081 4937 1184 5003 supra
1197 4916 1326 4987 tabulae
1341 4916 1386 4985 ad
1398 4855 1494 5009 fibla,
1509 4916 1711 5019 praemissae
1726 4938 1803 5004 pag.
1818 4917 1890 4989 112.

502 5012 637 5057 renum.
856 5038 865 5045 -

1927 5015 1968 5082 28
