5409 6309
1030 858 1359 952 -ncs

1079 1281 1271 1403 ccxlii.

450 1533 922 1625 cruentae-cre
947 1540 1008 1625 ιι
1033 1538 1231 1624 memo
1254 1537 1528 1624 semro
1552 1539 1697 1626 1445
1723 1561 1888 1627 enno.
1978 1503 1987 1535 '

339 1759 634 1834 mnenon·
655 1757 888 1838 ummo
901 1762 1113 1880 Deciano
1126 1759 1309 1958 libanii}
1322 1777 1412 1834 m
1436 1755 1528 1834 Petro
1542 1757 1711 1834 ommis
1725 1760 1995 1857 muniunt·

1009 1880 1137 1937 nonno
1312 1912 1321 1930 .

442 2089 532 2176 Nos
553 2088 772 2175 «lohannes
805 2091 857 2174 de
881 2085 1054 2199 Czyeow
1077 2087 1131 2203 (²)
1164 2089 1432 2177 Oastellanus
1471 2099 1514 2172 et
1549 2087 1811 2199 Capitoneus
1847 2120 1995 2178 croco·

339 2209 495 2324 niensis
517 2237 699 2294 necnon
722 2208 973 2302 serenissimi
1005 2209 1160 2294 domini
1179 2210 1313 2321 Regis
1334 2209 1506 2293 Polonie
1538 2208 1678 2293 locum
1711 2218 1874 2297 tenens.
1911 2210 1996 2297 *Si-

337 2327 589 2442 gnificamus
610 2338 755 2412 tenore
775 2327 1040 2439 presencium
1062 2328 1413 2440 quibusexpedit
1427 2329 1647 2411 uniuersis.
1681 2325 1905 2429 Quomodo
1921 2360 1997 2417 no·

337 2448 443 2533 biles
463 2447 713 2533 Leonardus
736 2450 788 2530 de
809 2449 962 2530 Drwen
985 2458 1028 2529 et
1046 2446 1298 2532 Leonardus
1329 2447 1440 2531 filius
1462 2474 1564 2530 suus
1602 2447 1653 2529 de
1683 2447 1842 2532 ibidem
1877 2477 1998 2537 reoo·

338 2576 578 2680 gnouerunt
600 2593 741 2650 coram
755 2568 917 2678 judicio
939 2568 1145 2649 castrensi
1167 2568 1450 2677 competendo
1485 2568 1773 2679 personaliter,
1811 2570 1913 2680 quia
1932 2598 2016 2653 re·-

337 2695 544 2802 ceperunt
564 2694 735 2769 centum
756 2712 920 2770 marcas
942 2687 1176 2772 communis
1198 2688 1381 2797 pecunie
1416 2697 1584 2770 monete
1620 2697 1665 2770 et
1698 2689 1857 2770 numeri
1879 2691 1997 2801 polo-

336 2807 486 2891 nioalis
508 2806 699 2890 consueti
722 2807 825 2888 certi
847 2804 980 2889 debiti
1000 2833 1027 2888 o
1047 2805 1370 2889 nobili'domino
1391 2814 1512 2916 petro
1535 2805 1788 2916 Ozicowsky
1808 2807 1998 2892 subindi·
2022 2883 2024 2889 s

337 2957 390 3011 ce
410 2935 521 3008 terre
543 2925 824 3008 cracouiensis
847 2924 1044 3036 generali,
1065 2925 1110 3005 in
1132 2924 1289 3033 quibus
1311 2935 1480 3006 centum
1502 2926 1654 3007 marcis
1691 2921 1885 3037 obligant
1917 2929 2000 3039 ipsi

340 3046 508 3131 domino
529 3042 656 3133 Petro
678 3053 841 3152 partem
863 3043 1108 3127 hereditatis
1130 3045 1173 3125 in
1194 3042 1362 3126 Dzewin
1397 3069 1519 3126 suam
1555 3071 1654 3125 curn
1690 3045 1803 3127 omni
1829 3045 1925 3154 jure
1957 3057 2001 3131 et

340 3163 536 3265 dominio,
558 3161 770 3266 censibus,
793 3164 921 3273 agris,
944 3163 1117 3271 campis,
1140 3163 1285 3270 protis,
1306 3153 1491 3273 pascuis,
1527 3161 1650 3273 goijs,
1677 3161 1850 3271 rubetis,
1870 3165 1999 3272 siluis,

335 3284 470 3369 botris
494 3290 654 3363 etcum
676 3281 882 3364 uniuersis
903 3282 1173 3392 pertinencijs
1211 3280 1555 3393 quibuscumque
1594 3281 1787 3393 dicontur
1821 3285 2000 3381 nomini·

272 3425 278 3438 ‘
336 3402 419 3487 bus
439 3399 568 3483 nichil
590 3399 851 3484 excludendo
873 3410 1016 3486 tenere
1032 3403 1159 3486 modo
1177 3402 1428 3514 obligatorio
1445 3428 1582 3510 usque
1599 3401 1656 3482 ad
1674 3406 1998 3515 exempcionem,

338 3523 513 3631 dempta
532 3520 651 3602 curia
671 3520 849 3630 et'agris
874 3524 948 3630 qui
973 3520 1221 3605 excoluntur
1242 3524 1297 3605 ad
1319 3524 1479 3605 curiam
1500 3520 1543 3602 in
1565 3520 1730 3604 Drwen.
1760 3520 1819 3605 Et
1841 3522 1999 3628 debent

336 3644 474 3753 ipsum
494 3640 754 3724 intercedere
778 3668 803 3720 a
824 3641 1015 3751 qualibet
1034 3668 1218 3751 persono
1237 3644 1458 3751 utriusque
1493 3666 1618 3722 sexus
1653 3643 1773 3724 iuxta
1785 3643 1894 3752 juris
1914 3644 2000 3728 for-

336 3789 461 3862 mam,
481 3788 565 3844 non
587 3757 811 3844 euadendo
833 3760 972 3870 ipsum
995 3761 1150 3870 quouis
1166 3761 1293 3845 modo
1314 3787 1393 3842 nec
1416 3761 1619 3864 districtu,
1639 3788 1719 3844 nec
1741 3764 1892 3869 quouis
1907 3790 2000 3848 mo·

337 3882 391 3965 do
412 3881 493 3963 sub
515 3879 741 3963 omissione
763 3905 843 3962 sue
865 3905 1011 3962 cause.
1057 3876 1117 3962 Et
1135 3880 1313 3990 primam
1333 3880 1656 3989 inscripcionem
1679 3907 1806 3989 super
1825 3891 1999 3993 septua-

335 3999 456 4112 ginta
475 4025 639 4081 marcas
661 4001 798 4081 minus
820 3997 956 4082 tribus
978 4006 1022 4080 et
1042 3998 1205 4082 fertone
1235 3998 1544 4084 mortificarunt
1566 3996 1727 4082 Conzel
1745 4000 1997 4084 ministeria·

336 4117 387 4201 lis
411 4117 535 4200 datus
559 4128 624 4200 est
644 4117 724 4201 sibi
746 4119 800 4200 ad
821 4118 1199 4203 intromittendum.
1244 4117 1296 4202 In
1317 4120 1447 4201 cuius.
1473 4118 1536 4200 rei
1570 4118 1854 4203 testimonium
1876 4120 1996 4232 sigil-

334 4238 418 4320 lum
440 4247 628 4321 nostrum
647 4237 914 4348 presentibus
937 4248 1003 4322 est
1024 4253 1272 4349 appensum.
1303 4237 1463 4322 Datum
1483 4231 1673 4319 Cracooie
1688 4235 1793 4321 ferio
1807 4240 1996 4322 secundo
2122 4321 2128 4332 ,

324 4539 328 4549 .
438 4491 480 4571 (¹)
502 4487 592 4557 idem
606 4489 698 4557 locus
713 4490 746 4555 in
762 4500 920 4557 contextu
935 4489 1066 4557 tabulae
1081 4490 1198 4556 Dnoen
1212 4497 1247 4554 et
1260 4487 1389 4555 Dzewin
1406 4488 1596 4589 appelletur.
1687 4566 1689 4570 ¹

436 4574 489 4642 Ex
506 4575 657 4676 originali
671 4598 691 4641 s
703 4575 894 4644 doctissimo
910 4576 1091 4644 Venceslao
1107 4574 1295 4643 Alexandro
1311 4573 1560 4659 MacieJowscio
1576 4595 1746 4641 concesso.
1761 4572 1992 4642 Muczlrowslri
2083 4613 2085 4626 ι

333 4658 518 4746 descripsit.
543 4659 695 4759 Sigillum
710 4661 857 4728 taeniola
871 4684 1073 4748 pergamena
1087 4660 1174 4746 nigri
1191 4658 1311 4727 coloris
1327 4681 1518 4747 appensum,
1531 4668 1762 4747 repraesentat
1776 4671 1903 4728 scutum
1918 4669 1951 4724 et
1961 4661 1995 4726 in
2026 4683 2033 4700 ·

332 4743 388 4811 illo
404 4755 505 4833 ceput
520 4744 604 4811 asim
620 4746 759 4833 tinsigne
777 4747 921 4815 Pollozic
940 4745 1075 4820 dictum.
1105 4745 1212 4898 {enm
1239 4743 1550 4832 Czytowsciorum).
1589 4747 1626 4812 ln
1643 4745 1764 4811 ambitu
1779 4767 1859 4812 vero
1875 4744 1993 4813 inscri-

332 4830 415 4982 ptio:
438 4836 473 4899 S.
498 4829 724 4928 Joflnnnls
746 4832 809 4899 DE
831 4830 961 4901 czls...
986 4829 1084 4899 CAS.
1138 4878 1147 4896 .
1190 4830 1228 4897 ln
1244 4829 1341 4899 dorso
1357 4829 1487 4897 tabulae
1505 4828 1656 4922 polonice
1673 4831 1797 4919 scripta
1824 4841 1990 4898 suntver·

355 4936 384 4982 n·
400 4918 443 4988 od
457 4915 608 4984 lunortbo
622 4939 665 4983 na
680 4916 820 5003 dzevyn.

438 5001 476 5084 (²)
501 5002 634 5094 Captos,
649 5000 728 5068 villu
744 5001 1019 5073 Sandomiriensis
1036 5000 1192 5091 regionis.
