5409 6309
1402 755 1775 867 -ras-'

717 997 902 1108 exceptis
923 994 1160 1080 hominibus
1196 997 1309 1106 ipsas
1341 996 1466 1081 uillas
1498 993 1851 1101 inhabitantibus,
1886 1008 1994 1108 quo's
2031 1022 2174 1081 omnes
2211 995 2366 1086 Comes
2432 1043 2444 1054 -
2514 1029 2518 1040 ’

718 1117 912 1205 Clemens
935 1128 1035 1200 ante
1055 1117 1429 1227 permultacicnem
1450 1117 1706 1220 manumisit,
1742 1115 1867 1200 Hanc
1902 1117 2034 1230 igitur
2062 1119 2365 1226 permuttacio·

715 1267 813 1321 nem
844 1238 1210 1346 supranominatus
1246 1234 1440 1319 Andreas
1475 1235 1728 1346 Episcopus.
1763 1248 1805 1318 et
1834 1234 1985 1322 fratres
2020 1238 2088 1320 sui
2119 1239 2362 1348 supradicti.
2430 1281 2440 1288 ,

717 1387 813 1443 cum
836 1356 1003 1442 domino
1025 1355 1269 1439 Prandotha
1298 1354 1513 1466 Episcopo
1552 1354 1835 1440 Cracouiensi.
1871 1354 2076 1439 fecerunt.
2110 1358 2360 1467 recipientes
2459 1375 2463 1384 “

716 1479 771 1564 ab
795 1504 844 1561 eo
866 1485 910 1558 et
931 1505 956 1557 a
975 1473 1176 1559 fratribus
1212 1475 1343 1583 ipsius
1366 1474 1590 1561 Canonicis
1632 1473 1828 1560 Ecclesia
1861 1475 1979 1561 beati
2013 1475 2255 1563 Wenceslrii
2287 1504 2364 1592 pro

715 1598 824 1684 villis
856 1594 1094 1697 antedictis,
1135 1594 1319 1676 decimas
1361 1622 1488 1705 super
1525 1594 1771 1680 Messanam
1800 1594 1855 1709 (³)
1887 1606 1931 1679 et
1958 1596 2099 1680 villam
2128 1594 2270 1705 Liriny
2310 1594 2365 1708 (⁴)

717 1718 902 1803 totaliter
923 1744 1019 1797 cum
1040 1714 1233 1798 Ecclesia
1267 1713 1384 1796 beati
1406 1713 1635 1799 Clementis
1671 1725 1715 1797 et
1750 1744 1847 1800 cum
1885 1716 2056 1798 decimis
2093 1715 2288 1800 omnibus
2309 1715 2364 1800 ad

713 1839 851 1949 ipsam
869 1833 1105 1918 Ecclesiam
1126 1833 1431 1943 pertinentibus
1463 1833 1571 1917 Tale
1591 1843 1763 1944 pactum
1786 1862 1926 1920 coram
1963 1833 2085 1919 nobis
2107 1834 2162 1918 ab
2184 1844 2366 1944 utraque

713 1964 834 2068 parte
855 1953 1081 2057 firmantes,
1104 1953 1219 2062 quod
1240 1954 1275 2034 si
1292 1952 1443 2063 aliquis
1464 1954 1650 2064 ipsarum
1684 1956 1887 2062 parcium.
1919 1954 2030 2037 hanc
2067 1957 2366 2064 permuttacio·

715 2105 813 2160 nem
833 2071 1089 2185 infringeret.
1114 2073 1295 2155 dominio
1316 2081 1460 2157 nostro
1482 2085 1664 2185 quatuor
1699 2073 1865 2164 Marcas
1901 2073 2006 2157 Auri
2024 2073 2266 2183 persoluere
2301 2082 2366 2156 te·

713 2202 865 2278 nentur
887 2192 983 2309 (sic)
1006 2192 1212 2302 Apposito
1233 2192 1315 2276 hoc
1337 2191 1453 2303 quod
1476 2192 1665 2276 dominus
1686 2194 1925 2302 Episcopus
1951 2192 2260 2278 Oracouiensis.
2294 2222 2365 2277 su·

716 2313 953 2426 predictam
976 2312 1145 2396 domum
1169 2311 1220 2393 de
1244 2307 1509 2424 Stonpatlrelcp
1534 2313 1579 2394 in
1613 2313 1806 2395 omnibus
1844 2309 2067 2396 defendere
2085 2324 2143 2396 et
2161 2314 2366 2423 inspicere

716 2434 941 2518 tenebitur.
978 2441 1064 2515 tam
1101 2428 1271 2515 inferius
1294 2429 1391 2542 (sic)
1415 2457 1543 2538 quam
1572 2433 1767 2526 exterius.
1814 2430 1883 2515 lta
1918 2459 2020 2514 sane
2056 2433 2173 2545 quod
2203 2433 2365 2546 absque

716 2554 936 2639 uoluntate
959 2551 1114 2637 domini
1135 2550 1336 2660 Episcopi
1358 2548 1653 2634 Oracouiensis
1686 2552 1970 2663 congregacio
2000 2552 2206 2660 sepedicti
2229 2551 2366 2638 Oeno·

715 2672 775 2783 bij
797 2672 924 2756 nichil
945 2670 1084 2755 facere
1108 2670 1293 2754 audebit.
1325 2696 1406 2751 nec
1427 2670 1705 2753 hereditatem
1740 2671 1924 2782 aliquam
1961 2672 2141 2755 vendere
2162 2671 2231 2754 uel
2253 2700 2366 2756 eme-

718 2821 776 2877 re.
799 2799 1079 2877 commuttare
1105 2791 1171 2874 uel
1192 2787 1422 2874 concedere
1445 2797 1520 2872 aut
1540 2790 1839 2901 qualicumque
1861 2790 1986 2874 modo
2014 2818 2039 2871 a
2060 2791 2182 2875 domo
2204 2791 2365 2875 aliena-

712 2941 771 2995 re.
793 2941 873 2994 nec
895 2910 1170 2994 Abbatissam
1192 2910 1459 2993 constituere.
1482 2917 1557 2991 aut
1578 2909 1817 2993 destituere.
1839 2937 1918 2991 nec
1937 2911 2193 3020 prepositum
2216 2939 2364 3022 quem·
2489 2942 2496 2954 ·

715 3058 843 3140 quem
867 3031 1041 3135 deicere,
1063 3058 1143 3111 nec
1159 3056 1379 3112 numerum
1400 3027 1599 3113 Sororum
1621 3058 1779 3140 augere
1801 3028 1871 3111 uel
1892 3032 2091 3114 minuere.
2140 3027 2228 3130 Sed
2241 3025 2365 3116 ¹sicut

652 3193 656 3202 ·
715 3150 891 3234 heredes
912 3159 1015 3232 tunc
1038 3150 1344 3233 constituerunt
1380 3146 1550 3255 quando
1587 3157 1780 3258 sumptus
1816 3148 1964 3232 domus
2000 3158 2364 3261 computauerunt,

717 3271 835 3378 quod
855 3268 1052 3382 Triginta
1074 3267 1247 3354 Sorores
1279 3293 1372 3351 esse
1410 3265 1566 3350 debent
1607 3276 1649 3349 et
1683 3293 1768 3351 non
1802 3269 2035 3377 pauciores,
2066 3270 2158 3353 Nisi
2192 3270 2363 3381 quando

712 3388 948 3474 Abbatissa
966 3389 1037 3472 uel
1058 3388 1301 3498 Prepesitus
1337 3385 1529 3471 viderent
1564 3388 1733 3471 domum
1756 3385 1810 3470 ab
1832 3387 1975 3499 aliqua
2004 3397 2126 3498 parte
2146 3389 2362 3499 proficere.

711 3514 813 3594 tunc
836 3508 888 3592 de
908 3508 1125 3592 uoluntate
1146 3505 1480 3617 supranominati
1497 3505 1701 3620 Episcopi
1736 3535 1954 3592 numerum
1988 3508 2175 3620 ipsarum
2205 3536 2363 3620 augere

712 3638 888 3740 possent
907 3655 1045 3738 usque
1066 3628 1121 3710 ad
1143 3625 1438 3739 quadraginta.
1471 3626 1546 3707 sed
1566 3652 1651 3709 non
1673 3625 1796 3710 ultra.
1844 3625 2043 3726 Sororum
2080 3628 2213 3712 eciam
2248 3627 2362 3713 nulla

714 3748 878 3855 absque
900 3746 1115 3830 uoluntate
1139 3745 1291 3829 domini
1314 3742 1517 3854 Episcopi
1538 3744 1649 3829 exire
1672 3744 1912 3831 Claustrum
1934 3746 2122 3830 audebit.
2144 3749 2222 3830 nisi
2236 3746 2280 3828 in
2295 3745 2362 3831 fu·

715 3895 773 3979 ga
792 3866 1062 3976 Paganorum
1085 3872 1160 3946 aut
1179 3876 1368 3976 tempore
1389 3861 1511 3945 famis
1532 3873 1672 3975 preter
1699 3865 1989 3971 Abbatissam,
2027 3893 2112 3976 que
2132 3893 2208 3977 pro
2228 3894 2363 3979 nego·

715 3986 789 4096 cijs
813 3984 960 4069 domus
991 3985 1103 4067 exire
1132 3985 1298 4093 poterit.
1330 3978 1548 4090 ·Quinque
1583 3982 1733 4069 fratres
1771 3983 2023 4070 Sacerdotes
2060 4013 2156 4069 esse
2185 3986 2361 4092 debent,

711 4104 866 4217 quibus
887 4104 1130 4212 Prepositus
1152 4103 1329 4214 singulis
1352 4103 1471 4184 annis
1492 4103 1663 4187 cuilibet
1682 4121 1756 4216 per
1776 4105 1962 4188 Marcam
1984 4106 2172 4217 Argenti.
2194 4133 2270 4216 pro
2285 4103 2361 4188 uess

712 4223 847 4310 stibus
871 4223 1001 4307 dabit.
1024 4234 1067 4306 et
1088 4221 1309 4309 Sororibus
1346 4222 1530 4308 similiter
1557 4225 1593 4307 si
1620 4224 1681 4309 ita
1702 4225 1850 4309 domus
1886 4221 2080 4308 sufficere
2100 4227 2268 4337 poterit.
2313 4224 2359 4312 Si

712 4355 855 4429 autem
877 4345 928 4428 de
946 4338 1101 4428 Ordine
1123 4343 1238 4428 beati
1257 4341 1479 4426 Benedicti
1506 4346 1682 4427 transire
1711 4344 1931 4446 noluerint,
1973 4345 2025 4428 de
2060 4346 2282 4449 uoluntate
2317 4356 2360 4429 et

715 4459 901 4550 Consilio
913 4462 1346 4575 dominiEpiscopiad
1359 4461 1558 4548 Ordinem
1569 4463 1890 4587 Oisteroiensem
1901 4463 2152 4550 transibunt.
2174 4465 2264 4551 Nos
2282 4494 2358 4548 ue·

814 4705 856 4869 lll
878 4702 1298 4889 ppocqgargpgeogmphicis
1313 4787 1420 4875 Regni
1437 4785 1596 4855 Galliciae
1612 4787 1762 4855 Reimuni
1777 4810 1806 4852 a.
1824 4787 1916 4852 1797.
1938 4785 2027 4866 villa,
2044 4806 2127 4872 qnae
2142 4786 2175 4852 in
2190 4784 2356 4853 territorio

712 4874 862 4959 antiquae
872 4870 1098 4940 cracoviensrs
1111 4872 1333 4961 Reipublicae,
1346 4896 1411 4939 non
1424 4874 1538 4960 procul
1549 4874 1590 4940 ab
1601 4874 1726 4961 oppido
1737 4874 1866 4956 Belo-ele,
1879 4873 2089 4953 Jaintdiota,
2101 4872 2274 4950 invenitur,
2287 4871 2356 4936 for·-

710 4971 799 5027 tasse
823 4965 876 5025 est
891 4967 1006 5024 nostra
1020 4958 1097 5023 villa
1110 4961 1233 5048 Lirinp.
