5409 6309
1034 851 1086 867 -
1138 813 1222 888 387·
1263 847 1312 863 —

347 1046 453 1105 men:
487 1016 605 1127 quod
623 1015 735 1102 idem
759 1016 995 1103 Stanislaus
1017 1045 1137 1101 suam
1158 1022 1291 1102 totam
1311 1022 1475 1125 partem
1495 1013 1753 1118 hereditatis,
1776 1043 1905 1125 quam
1921 1019 1999 1102 ha-

348 1141 441 1225 buit
460 1137 618 1222 ibidem
638 1138 683 1219 in
703 1135 867 1247 Ziroilry
890 1136 1001 1224 Cum
1017 1137 1132 1221 omni
1156 1134 1261 1220 dure
1285 1144 1327 1217 et
1345 1143 1436 1221 toto
1460 1132 1653 1238 dominio,
1689 1163 1768 1218 nee
1799 1164 1883 1221 non
1904 1166 1999 1223 eum

348 1257 544 1343 omnibus
565 1264 610 1338 et
625 1257 800 1367 singulis
817 1255 1083 1359 utilitatibus,
1099 1256 1311 1361 censibus,
1328 1250 1548 1360 fructibus,
1568 1252 1815 1360 redditibus,
1838 1255 2000 1342 obven·
2145 1271 2146 1275 '

351 1376 559 1478 cionibus,
580 1386 623 1459 et
643 1377 884 1486 attinencijs
919 1375 1126 1462 universis
1164 1375 1507 1485 quibuscumque
1542 1371 1736 1464 dicantur
1763 1375 2001 1461 nominibus

348 1505 475 1608 prout
497 1491 611 1581 solus
633 1497 769 1580 tenuit
789 1506 834 1578 et
852 1495 1054 1604 possedit,
1094 1502 1137 1577 et
1162 1501 1287 1604 prout
1316 1491 1466 1576 eadem
1501 1516 1599 1602 pers
1635 1489 1880 1578 hereditatis
1916 1498 2001 1580 iem
2153 1519 2156 1524 ·

350 1617 465 1699 dicte
483 1616 527 1696 in
549 1616 635 1698 suis
656 1617 780 1699 metis
802 1625 846 1698 et
863 1611 1066 1700 limitibus
1102 1612 1188 1696 late
1220 1610 1437 1725 longeque
1457 1625 1460 1630 ’
1479 1637 1530 1693 ec
1566 1608 2002 1717 circumferencialiter

349 1745 416 1818 est
437 1733 647 1836 distincta,
668 1733 851 1847 signate,
872 1743 916 1817 et
933 1734 1125 1837 limitata,
1148 1731 1277 1815 nichil
1295 1758 1372 1841 pro
1394 1757 1440 1813 se
1461 1737 1536 1812 aut
1556 1728 1643 1825 suis
1666 1734 2001 1844 consanguineis

348 1853 507 1938 ibidem
528 1855 694 1961 penitus
715 1853 984 1957 reservando,
1004 1879 1081 1963 pro
1101 1861 1221 1961 perte
1253 1849 1500 1933 hereditatis
1532 1848 1645 1931 dicte
1676 1849 2002 1952 Irzmanczovr'cze

244 1989 253 1998 '
348 1981 391 2055 et
411 2000 488 2083 pro
508 1972 588 2058 illis
611 1999 696 2082 que
718 1974 855 2058 eidem
876 1972 1052 2057 Nicoleo
1073 1981 1172 2080 post
1191 1969 1356 2056 obitum
1370 1970 1517 2052 matris
1533 1995 1609 2052 sue
1624 1965 1783 2052 ibidem
1799 1967 2002 2055 deberent

337 2091 580 2202 provenire,
599 2092 713 2176 dieto
733 2092 916 2177 Nicolao.
931 2091 1057 2196 dedit,
1079 2090 1356 2175 commutavit
1391 2095 1437 2173 et
1460 2087 1503 2168 in
1538 2097 1788 2197 perpetuum
1808 2089 2002 2201 resigna·

347 2213 409 2295 vit
430 2220 473 2293 et
490 2211 624 2321 ipsius
645 2211 853 2324 legittime
873 2212 1123 2322 posteritati:
1161 2209 1243 2294 hoc
1278 2217 1424 2300 tamen
1459 2205 1702 2310 intercluso,
1739 2210 1856 2320 quod
1891 2211 2003 2294 idem

344 2321 552 2414 'Nicolaus
573 2332 657 2415 iam
680 2331 837 2418 dictam
866 2339 1030 2441 partem
1062 2329 1309 2414 hereditatis
1329 2326 1488 2410 ibidem
1508 2327 1553 2408 in
1573 2324 1739 2435 Zr'rnr'lry
1762 2327 1814 2410 de
1835 2327 2004 2440 oblige-

351 2450 543 2534 eionibus
565 2459 737 2533 centum
758 2478 854 2534 eum
875 2433 1031 2561 viginti
1046 2449 1200 2533 mercis
1229 2473 1306 2560 pro
1328 2475 1376 2530 se
1397 2444 1529 2530 debet
1559 2472 1749 2530 exemere
1771 2454 1814 2530 et
1835 2450 2006 2560 expedi·

348 2596 407 2670 re,
428 2566 735 2680 liberandoque
770 2579 976 2680 perpetue
998 2572 1230 2679 possidere,
1250 2567 1447 2672 vendere,
1479 2568 1650 2669 donare,
1672 2578 1944 2676 commutare,
1964 2581 2008 2655 et

351 2686 406 2770 ed
430 2715 528 2770 usus
549 2714 649 2772 suos
671 2685 962 2798 beneplacitos
978 2688 1113 2773 libere
1129 2697 1386 2772 convertere.
1396 2684 1567 2773 ,Harum
1585 2684 1742 2797 quibus
1758 2686 1802 2770 in
1818 2691 2007 2776 testimo-

347 2808 463 2890 nium
482 2817 629 2892 nostra
647 2807 918 2916 presentibus
940 2808 1083 2917 sigilla
1103 2815 1203 2891 sunt
1223 2832 1426 2917 appense.
1472 2800 1634 2888 D'etum
1652 2804 1695 2885 in
1719 2804 1933 2915 Oppattow
1951 2807 2005 2920 (⁵)

347 2923 453 3009 ferie
475 2928 626 3032 quinte
644 2928 836 3034 proxima
856 2935 956 3037 post
975 2924 1131 3009 festum
1153 2925 1443 3028 Pentecostes,
1468 2949 1578 3005 enno
1611 2921 1767 3004 domini
1787 2924 2004 3012 millesimo

348 3043 769 3154 quadringentesimo
789 3046 990 3140 ¹vicesimo
1013 3053 1179 3156 quert0,
1199 3042 1467 3153 presentibus
1489 3042 1569 3150 hijs
1592 3039 1771 3123 dominis
1803 3039 1834 3123 ,J
1836 3043 2002 3127 ohanne

348 3162 400 3245 de
420 3159 635 3244 Podlodoro
657 3160 725 3276 (ὓ),
747 3159 778 3245 J
781 3163 950 3247 ohanne
974 3164 1026 3246 de
1049 3155 1201 3264 Ostrow
1224 3158 1292 3276 (¹),
1313 3161 1496 3259 Derslao
1519 3161 1572 3243 de
1592 3156 1800 3271 Lopatlrrro
1817 3159 1884 3273 (⁸),
1905 3162 2002 3247 Pel·

345 3280 405 3364 ka
426 3281 480 3364 de
500 3280 737 3388 Przcrwody
759 3278 826 3395 (θ),
855 3280 1100 3368 Mirzonone
1137 3283 1189 3363 de
1229 3278 1392 3366 Mr'lkow
1415 3277 1503 3393 (¹⁰),
1524 3277 1722 3362 decussio
1755 3279 1807 3360 de
1842 3279 2000 3363 ibidem

346 3396 575 3484 heredibus
598 3409 643 3484 et
661 3398 753 3508 alijs
771 3400 920 3488 multis
951 3400 1038 3484 fide
1061 3401 1214 3512 dignis.

454 3638 493 3715 (⁵)
518 3633 545 3701 0
569 3649 657 3712 uww,
672 3633 818 3720 regionis
832 3644 866 3699 et
880 3635 1040 3702 territorii
1055 3645 1167 3723 ceput,
1179 3635 1212 3701 in
1228 3633 1485 3701 Sandomirienei
1501 3631 1684 3720 provincia.

456 3722 497 3802 (ὃ)
518 3660 607 3790 idua
622 3719 857 3806 Opotoviensis
871 3719 1025 3806 regionis.

453 3804 496 3890 (ἵ)
517 3806 641 3875 Multae
654 3804 750 3870 villae
765 3814 842 3870 sunt
857 3804 1006 3890 ejusdem
1021 3797 1310 3884 nominis-ibidem
1327 3803 1489 3871 locorum.
1530 3835 1539 3856 ·

450 3895 492 3972 (⁸)
515 3894 674 3981 Luperco,
692 3890 768 3955 villa
781 3889 815 3956 in
831 3890 1091 3958 Sandomiriensi
1104 3889 1269 3956 territorio
1286 3888 1360 3957 site.
1972 3933 1974 3938 ,

450 3977 492 4059 (⁹)
517 3977 707 4076 Przrruody,
724 3975 870 4059 ejusdem
883 3976 1023 4042 nominis
1037 3976 1131 4043 villae
1148 3988 1223 4044 sunt
1238 3974 1270 4040 in
1287 3975 1310 4042 J
1313 3973 1571 4061 edmejowienei,
1594 3973 1861 4043 Szlrelbmiriensi
1873 3985 1906 4040 et
1922 3978 2003 4042 Seu·

347 4063 538 4130 domirienei
553 4085 587 4127 re
625 4082 696 4127 one.

455 4149 507 4231 (¹⁰)
530 4146 586 4215 Vil
639 4143 875 4232 Opatovieusis
895 4154 946 4214 est
960 4144 1115 4234 regionis.
1153 4145 1157 4156 '
1275 4161 1277 4164 ’

417 4257 431 4290 θ
