5409 6309
1056 838 1332 912 ‚ago-.-

370 1054 561 1148 nuentes,
581 1039 767 1153 prefatas
786 1040 930 1126 literas
952 1040 1106 1125 domini
1134 1041 1344 1126 Kazimiri·
1372 1039 1504 1152 Regis
1538 1041 1847 1151 predecessoris
1887 1044 2021 1127 nostri

371 1161 713 1278 ratashabentes
736 1171 866 1269 atque
900 1169 1057 1272 gratas,
1094 1160 1391 1271 approbamus,
1426 1160 1697 1265 ratificamus,
1733 1171 1776 1245 et
1809 1164 2020 1275 presentis
2153 1208 2157 1216 .

374 1286 518 1395 scripti
537 1283 772 1395 patrocinio
795 1280 1104 1383 confirmamus,
1127 1281 1397 1363 decernentes
1420 1282 1534 1389 ipsas
1554 1284 1597 1366 io
1619 1279 1813 1364 omnibus
1834 1283 2020 1393 ipsarum

373 1404 553 1515 punctis,
574 1388 792 1501 annuis,
810 1398 1145 1502 condicionibus,
1180 1398 1388 1501 clausulis,
1425 1400 1649 1482 sentenciis
1682 1399 1873 1483 obtinere
1892 1398 2022 1484 robur

374 1530 578 1635 perpetue
598 1520 819 1606 firmitatis.
866 1516 1027 1602 Harma
1058 1517 1213 1629 quibus
1242 1517 1427 1630 sigillum
1461 1529 1650 1602 nostrum
1684 1546 1933 1628 appensum·
1955 1525 2021 1601 est

375 1641 615 1727 testimonio
634 1642 862 1724 literarum.
909 1636 1065 1719 Actum
1085 1636 1127 1716 in
1147 1637 1450 1723 Novacivitate»
1478 1633 1636 1720 Corcze’n
1671 1635 1774 1722 feria
1806 1640 1941 1721 tercia
1974 1638 2017 1720 in

378 1762 558 1848 crastino
576 1761 702 1845 beate
717 1757 949 1840 Katherine
966 1754 1152 1863 virginis.
1183 1755 1306 1842 Anno
1330 1756 1485 1840 domini
1501 1756 1715 1842 millesimo
1733 1758 2023 1869 quadringen-

377 1884 527 1966 tesimo
550 1877 881 1987 quintodecimo,
911 1870 1177 1984 presentibus
1199 1874 1422 1959 Nobilibus
1446 1874 1721 1987 Strenuisque
1742 1877 1851 1962 viris
1876 1876 2023 1962 Uriati-

379 2030 434 2096 no
457 2001 508 2082 de
532 1997 681 2082 Ostrow
702 1994 946 2081 Castellano
968 2001 1011 2076 et
1031 1990 1278 2102 Capitaneo
1310 1995 1339 2078 ,J
1344 1996 1509 2081 ohanne
1530 1996 1584 2078 de
1606 1997 1798 2079 Tbarnow
1828 1995 2023 2081 Pala-tino

380 2122 640 2219 Oracovien,
660 2114 866 2200 Michaele
888 2114 940 2196 de
962 2110 1300 2224 Bopumilowyeze
1323 2116 1596 2201 Cracoviensi
1630 2126 1673 2197 et
1691 2116 1867 2201 Nicolao
1889 2115 2024 2201 Oztau

381 2238 710 2328 Sandomiriensi
729 2234 930 2319 militibus
951 2234 1103 2316 nostris
1123 2230 1321 2318 fidelibus
1342 2236 1427 2318 fide
1450 2234 1601 2345 dignis.
1647 2235 1805 2318 Datum
1832 2263 1909 2344 per
1936 2261 2027 2316 ma-

379 2388 460 2445 nus
492 2355 729 2443 Reverendi
758 2357 798 2437 in
829 2354 997 2440 Christo
1028 2352 1156 2460 patris
1190 2351 1344 2436 domini
1374 2352 1584 2438 «lobannis
1613 2354 1816 2464 Episcopi
1846 2355 2025 2439 Craoov.

382 2475 632 2585 Cancellarij
675 2483 718 2556 at
763 2469 1027 2557 Venerabilis
1077 2471 1231 2556 domini
1275 2474 1425 2580 Doayu
1472 2473 1635 2557 Decani
1682 2473 1863 2559 Oracov.
1910 2475 2027 2557 vioe·

384 2596 622 2684 cancellarii
652 2594 793 2704 Regni
824 2591 954 2678 nostri
984 2589 1166 2689 Polonie,
1197 2592 1318 2674 nobis
1348 2594 1511 2674 sincere
1542 2593 1800 2677 dilectorum.

491 2718 615 2800 1461.
646 2713 734 2797 Nos
765 2713 893 2824 igitur
924 2706 1112 2821 prefatus
1141 2707 1378 2794 Kazimirus
1410 2710 1504 2795 Rex
1534 2723 1766 2795 annuentes
1787 2709 2026 2820 hujusmodi

382 2835 581 2953 peticioni
610 2835 720 2917 iuste
752 2841 795 2914 et
825 2834 1015 2934 honeste,
1044 2829 1186 2912 literas
1208 2830 1484 2942 privilegiales
1505 2831 1771 2941 presentibus
1791 2831 2032 2939 introscrip·

386 2972 475 3061 tas,
504 2957 549 3036 in
580 2954 773 3036 omnibus
805 2953 891 3034 suis
923 2950 1113 3060 punctis,
1143 2950 1346 3051 articulis,
1393 2950 1709 3035 condicionibus
1751 2960 1793 3032 et
1830 2948 2029 3034 clausulis

386 3099 589 3188 generose
621 3070 917 3179 approbamus,
947 3070 1207 3172 innovamus,
1239 3066 1539 3178 gratificamus,
1567 3069 1823 3155 ratificamus
1856 3078 1899 3153 et
1927 3093 2030 3151 con·

388 3196 602 3279 firmamus
632 3199 779 3272 tenore
807 3189 1071 3298 presencium
1101 3188 1333 3291 mediante,
1362 3197 1567 3297 perpetuo
1598 3189 1712 3272 etin
1742 3216 1878 3273 evum.
1918 3185 2031 3269 Arti-

389 3314 528 3398 culum
558 3336 657 3394 vero
689 3309 731 3389 in
760 3306 882 3390 litera
912 3303 1140 3417 Originali,
1178 3307 1444 3416 presentibus
1474 3308 1651 3407 inserta,
1683 3317 1947 3410 contentum,
1977 3306 2030 3389 de

388 3434 485 3518 salis
511 3426 862 3515 centenariorum
903 3425 1121 3533 empcione
1150 3427 1192 3507 in
1225 3425 1385 3536 Zuppis
1425 3428 1576 3510 nostris
1615 3425 1923 3511 Vielieeneibus
1959 3431 2034 3508 aut

386 3546 708 3638 Bochnensibus
739 3573 815 3655 per
840 3542 1025 3655 prefatos
1048 3541 1264 3651 Opidanos
1296 3546 1348 3628 de
1375 3548 1549 3658 antiqua
1580 3544 1753 3630 Scudecz
1776 3546 1936 3648 fienda,
1972 3547 2033 3629 ita
2119 3592 2123 3600 ·

386 3672 665 3768 modaramus,
697 3664 959 3747 declaramus
992 3672 1035 3748 et
1063 3663 1329 3774 presentibus
1363 3667 1624 3749 decernimus
1654 3675 1856 3778 perpetuo
1887 3665 2032 3750 obser·

390 3791 600 3890 vandumr
622 3783 746 3888 Quod
768 3783 971 3895 Zupparij
993 3784 1122 3866 nostri
1144 3779 1418 3867 Bochnenses
1450 3795 1492 3867 et
1521 3784 1818 3871 Wielieaenses
1845 3782 2033 3869 moderni

335 4009 342 4019 ι
395 3920 437 3996 et
471 3910 545 4022 qui
573 3934 648 4016 pro
679 3915 866 4013 tempore
897 3902 1062 4007 filerint,
1090 3900 1307 4013 prelibatis
1339 3901 1541 4013 Opidanis
1574 3905 1625 3987 de
1656 3907 1829 4017 antiqua
1861 3903 2033 3988 Suadere

393 4038 574 4137 quatuor
606 4023 883 4110 Centenarios
917 4022 1050 4126 Salis,
1089 4023 1203 4134 quod
1234 4024 1275 4105 in
1307 4022 1480 4106 Terram
1514 4023 1776 4133 Cipsiensem
1808 4025 1962 4106 ducere
1991 4032 2034 4104 et

391 4148 543 4232 vehere
574 4143 792 4246 voluerint,
821 4170 897 4256 pro
928 4168 1011 4226 uno
1043 4140 1200 4225 floreno
1222 4141 1503 4254 Hungaricali
1523 4144 1684 4226 tociens
1706 4144 1906 4256 quociens
1928 4168 2034 4251 opus

392 4265 535 4370 fuerit,
569 4265 750 4365 dabunt,
780 4261 1000 4345 extradent
1030 4276 1072 4344 et
1102 4261 1414 4372 consignabunt
1446 4260 1671 4363 eomodo,
1712 4262 1859 4368 ordine
1886 4272 1930 4345 et
1957 4286 2035 4369 po·

354 4431 357 4435 ⁴
394 4386 569 4488 sicione,
610 4380 968 4495 quemadmodum
1000 4387 1043 4462 et
1072 4380 1217 4464 incolis
1255 4408 1332 4465 seu
1368 4378 1608 4466 vectoribus
1641 4379 1834 4478 deterre
1871 4378 2036 4494 prefata
2100 4457 2106 4478 ,

395 4505 614 4616 insiensi,
647 4498 749 4581 dicti
779 4497 1016 4606 Centenarij
1051 4497 1161 4584 Salis
1191 4500 1234 4580 in
1264 4499 1425 4612 Zuppis
1456 4500 1608 4585 nostris
1637 4498 1821 4609 prefatis,
1850 4500 2036 4584 venden-

396 4625 496 4708 dum
526 4630 569 4704 et
599 4618 782 4703 dandum
816 4614 913 4728 (sio)
944 4623 1042 4700 sunt
1077 4615 1187 4700 soliti
1218 4627 1260 4701 et
1289 4619 1491 4704 consueti.
1537 4618 1589 4705 In
1619 4646 1796 4731 quorum
1835 4618 1963 4703 fidem
1994 4629 2038 4701 et

395 4740 679 4826 testimonium
720 4736 901 4847 sigillum
939 4744 1125 4818 nostrum
1163 4737 1427 4844 presentibus
1461 4750 1525 4823 est
1561 4740 1888 4849 subappensum.
1950 4736 2036 4822 Ac·

396 4875 486 4947 tum
521 4856 705 4944 Crucovt’e
736 4854 840 4938 feria
870 4856 1058 4938 secunda
1089 4865 1185 4936 ante
1216 4851 1370 4938 festum
1402 4854 1445 4941 S.
1477 4858 1685 4943 ‹lohannis
1717 4855 1910 4968 Baptista
1939 4868 2034 4968 pro*
2097 4851 2100 4860 ⁴

394 4975 518 5068 xima.
570 4977 693 5063 Anno
732 4976 902 5078 Domini
941 4975 1155 5060 Millesimo
1194 4975 1608 5087 quadringentesimo
1648 4979 1914 5091 sexagesimo
1952 4978 2035 5087 pri·
