5409 6309
1048 858 1320 931 -459-

363 1068 499 1177 ceptis
535 1075 578 1144 ct
611 1062 773 1147 leuatis.
811 1059 1045 1146 honorabili
1065 1061 1238 1147 Nicolao
1261 1062 1313 1145 de
1336 1055 1640 1172 Coprzpwnpcaa
1659 1057 1714 1176 (²)
1735 1061 1779 1144 in
1798 1065 2010 1177 Xoasznp-
2053 1155 2056 1164 ,
2129 1135 2134 1150 .

368 1216 428 1271 cae
450 1184 504 1298 (³)
525 1182 710 1293 plebano
731 1179 1017 1293 Altaristeque
1038 1180 1082 1263 in
1101 1179 1294 1266 Ecclesia
1315 1178 1558 1265 Oathedrali
1591 1178 1864 1266 Oraooviensi
1902 1184 2014 1270 Exe-

368 1309 502 1391 cutori
521 1302 763 1386 testamenti
785 1300 883 1384 olim
903 1299 1166 1384 Venerabilis
1187 1299 1380 1412 magistri
1405 1295 1562 1382 dacobi
1590 1298 1642 1381 de
1664 1297 1844 1384 Sotades
1864 1301 1919 1417 (⁴)
1942 1304 2016 1388 de-

367 1439 575 1510 cretorum
598 1423 792 1525 doctoris,
825 1419 1030 1505 Canonici
1052 1429 1094 1503 et
1109 1419 1262 1530 Vicarij
1284 1420 1328 1501 in
1350 1416 1649 1527 Spiritualibus
1685 1428 1864 1529 prottmc
1887 1451 2016 1537 gene-

366 1546 463 1629 ralis
487 1541 803 1650 Oracowicnsis,
823 1542 920 1626 Non
939 1538 1171 1651 inprouida,
1209 1549 1282 1622 aut
1302 1564 1378 1649 per
1399 1563 1592 1641 errorem,
1624 1538 1701 1620 sed
1730 1539 1780 1622 de
1803 1551 1919 1625 certa
1938 1569 2015 1628 no-

364 1677 452 1749 stra
473 1662 656 1745 sciencia
678 1670 721 1743 et
741 1659 971 1764 voluntate,
1003 1658 1354 1767 Prelatorumque
1387 1666 1429 1739 et
1449 1654 1655 1742 baronum
1677 1672 1734 1739 ac‘
1749 1656 2015 1747 Consiliario-

208 1874 211 1882 ,
364 1813 457 1868 rum
476 1778 956 1867 nostrorumnobiscum
974 1787 1154 1889 protunc
1185 1777 1471 1880 existencium,
1514 1774 1684 1861 consilio
1719 1778 1891 1887 speciali
1913 1779 2015 1864 deli-

365 1903 604 2002 beracione,
627 1898 951 2010 approbacione‚
973 1907 1018 1982 et
1038 1923 1250 1981 consensu
1284 1896 1356 1981 ad·
1376 1896 1420 1979 id
1454 1895 1684 1980 assedente
1706 1897 1952 1982 vendicione
1973 1907 2016 1979 st
2150 1897 2156 1916 “

366 2024 489 2106 titulo
509 2019 784 2132 reempcionis
802 2020 904 2103 alias
913 2015 1204 2128 Nowr'derlcosf
1218 2016 1447 2128 vulgariter
1463 2012 1733 2123 nuncupatis,
1753 2017 2016 2101 vendidimus

365 2153 407 2226 et
426 2136 746 2254 resignauimus,
767 2139 988 2223 vendimus
1011 2147 1054 2219 et
1071 2138 1350 2245 resignamus,
1387 2163 1439 2217 ac
1460 2132 1541 2218 sibi
1560 2134 1728 2245 plenam
1750 2143 1794 2218 et
1815 2141 2017 2222 omnimo-

368 2263 464 2346 dam
485 2259 732 2344 facultatem
753 2259 794 2340 in
818 2259 973 2340 eisdem
997 2253 1207 2339 censibus
1231 2255 1429 2341 Sedecim
1463 2247 1698 2339 marcarum
1720 2253 1863 2339 Altare
1881 2259 1925 2340 in
1941 2259 2016 2341 ali-

367 2410 454 2491 qua
476 2379 744 2461 ecclesiarum
783 2387 858 2460 aut
893 2359 1221 2486 Oollegiaturam
1259 2370 1357 2487 (sic)
1395 2374 1684 2487 cuiuscunque
1724 2372 1939 2460 facultatis
1974 2379 2017 2460 in

365 2501 640 2583 universitate
661 2493 942 2580 Oraoowiensi
973 2494 1102 2604 studij
1134 2492 1351 2597 fundandi,
1390 2493 1562 2578 dotandi
1599 2503 1640 2576 et
1676 2492 1903 2598 obtinendi,
1944 2508 2017 2579 aut

366 2616 576 2729 aliquibus
599 2614 791 2725 ecclesijs
812 2615 881 2698 vel
902 2613 982 2724 pijs
1003 2615 1109 2697 locis
1132 2614 1389 2697 coniunctim
1410 2614 1477 2696 vel
1499 2614 1662 2697 diuisim
1698 2614 1740 2695 in
1761 2622 1852 2701 toto
1874 2616 1942 2699 vel
1973 2616 2015 2697 in

320 2725 324 2734 ’
364 2749 484 2845 parte
506 2737 691 2819 donandi
712 2744 755 2817 et
776 2733 1023 2846 assignandi
1057 2741 1184 2842 prout
1217 2735 1299 2816 sibi
1334 2730 1481 2814 melius
1505 2734 1701 2841 expedire
1736 2734 1899 2819 videbit
1919 2734 2015 2848 (sic)
2090 2725 2094 2740 ‘

366 2857 515 2939 damus
532 2864 575 2937 et
597 2855 867 2940 concedimus
889 2862 1037 2936 tenore
1059 2852 1324 2962 presencium
1359 2853 1570 2933 mediante
1591 2855 1889 2962 perpetualiter
1911 2855 2017 2935 etin

367 2985 503 3078 evum,
532 2977 767 3084 peripsum
790 2981 834 3054 et
853 2998 953 3055 suos
978 2973 1244 3054 successores
1275 2970 1447 3054 tenendi
1467 2969 1652 3052 habendi
1673 2971 1929 3081 percipiendi
1965 3002 2017 3054 ac

360 3120 435 3201 pro
457 3119 534 3175 suo
560 3091 730 3175 arbitrio
753 3101 796 3173 et
815 3090 1032 3174 voluntate
1054 3090 1338 3175 conuertendi.
1387 3084 1504 3187 Quos
1527 3088 1697 3201 quidem
1719 3118 1872 3174 census
1893 3094 2015 3174 sede·

365 3213 446 3293 cim
467 3238 717 3314 marcarum,
738 3209 934 3294 Seniores
956 3209 1046 3291 siue
1066 3210 1257 3319 magistri
1294 3207 1505 3311 Satorum,
1541 3218 1719 3320 totaque
1738 3210 1923 3319 ipsorum
1946 3237 2018 3294 co·

363 3330 547 3413 munitas
568 3356 645 3439 pro
666 3339 857 3440 tempore
879 3329 1118 3433 existentes,
1141 3338 1184 3409 et
1205 3330 1333 3411 ceteri
1351 3322 1396 3410 in
1416 3324 1601 3411 faunum
1624 3355 1800 3434 exnunc,
1836 3340 1879 3412 et
1900 3330 2035 3432 dein·-

363 3476 462 3558 ceps
484 3450 700 3558 perpetuis
722 3446 996 3555 temporibus,
1018 3445 1195 3558 singulis
1216 3447 1419 3532 videlicet
1437 3473 1513 3557 pro
1536 3445 1798 3559 quibuslibet
1833 3459 2013 3558 quatuor
2115 3529 2126 3542 ,

359 3566 633 3678 temporibus,
655 3594 731 3676 per
753 3575 938 3674 quatuor
957 3593 1124 3649 marcas
1144 3567 1188 3648 in
1208 3575 1379 3651 moneta
1420 3569 1603 3651 currenti
1641 3577 1684 3650 et
1703 3577 1907 3653 consueta
1927 3569 2013 3656 Re-

335 3690 432 3798 gni
451 3689 582 3772 nostri
603 3685 849 3796 Incipiendo
872 3683 1129 3770 solucionem
1150 3714 1176 3766 a
1198 3695 1381 3798 quatuor
1416 3685 1674 3796 temporibus
1697 3687 1894 3773 Oinerum
1915 3717 2012 3798 pro-

358 3807 467 3887 xime
487 3804 650 3907 futuris,
683 3811 725 3886 et
747 3804 1038 3892 continuando,
1053 3831 1190 3912 usque
1213 3806 1269 3888 ad
1291 3802 1476 3889 debitam
1513 3817 1555 3888 et
1576 3807 1749 3910 totalem
1786 3809 2011 3891 eorundem

358 3949 558 4006 censuum
578 3925 898 4033 reempcionem,
918 3923 1081 4033 prefato
1102 3923 1281 4009 Nicolao
1301 3926 1346 4007 in
1366 3924 1606 4034 aonsznijcze
1635 3925 1818 4035 plebano
1851 3954 1902 4010 ac
1916 3955 2012 4038 per·
2051 3973 2054 3980 ⁴

357 4043 468 4126 sonis
491 4042 748 4153 quibuslibet
770 4041 1078 4151 Spiritualibus,
1108 4044 1261 4150 quibus
1283 4045 1576 4153 ipsoscensus
1593 4046 1649 4127 ad
1671 4046 1850 4157 gloriam
1873 4055 1915 4128 et
1934 4048 2011 4130 ho-

359 4186 504 4244 norem
526 4162 726 4265 altissimi,
747 4190 822 4271 pro
844 4163 1067 4275 laudisque
1106 4162 1244 4247 diuina
1286 4165 1542 4250 incremento
1580 4164 1747 4248 duxerit
1781 4164 2011 4267 donandos,

360 4284 491 4364 autin
512 4280 593 4366 alia
612 4282 781 4393 pietatis
803 4308 932 4392 opera
958 4281 1211 4370 coniunctim
1247 4283 1316 4368 vel
1353 4283 1517 4368 diuisim
1553 4283 1596 4365 in
1615 4291 1717 4389 toto,
1738 4284 1807 4369 vel
1824 4286 1867 4367 in
1887 4293 2008 4394 parte

359 4400 633 4511 applicandos
655 4411 698 4484 et
717 4398 1014 4513 adiungendos
1044 4400 1100 4484 ad
1128 4400 1453 4512 requisicionem
1487 4404 1751 4513 presencium
1783 4404 1946 4489 dabunt
1967 4411 2009 4485 et

359 4519 653 4634 assignabunt,
683 4518 941 4629 realiterque
962 4528 1122 4603 etcum
1160 4518 1318 4605 effectu
1352 4522 1608 4632 persoluent,
1645 4522 1756 4607 omni
1793 4522 2011 4626 dilacione,

461 4770 505 4851 (²)
525 4770 761 4858 Kopraywaico,
777 4768 854 4835 urbs
868 4766 1140 4840 Sandomiriensis
1156 4770 1323 4835 territorii.

460 4856 501 4938 (³)
523 4855 696 4938 &ludoico
712 4853 798 4934 villa,
821 4852 861 4954 dp
878 4875 944 4955 qua
956 4856 1024 4937 jam
1037 4873 1148 4942 supra,
1163 4853 1196 4955 in
1213 4852 1426 4955 Cracovicnsi
1440 4857 1622 4942 provincia.

379 5025 386 5039 .
447 4940 500 5039 lb
525 4937 650 5020 Szadele,
666 4938 752 5012 urbs,
778 4961 921 5026 regroms
950 4960 1030 5016 suae,
1056 4948 1163 5028 caput,
1178 4962 1212 5007 rn
1228 4939 1408 5009 Srradrensi
1434 4940 1510 5009 olim
1524 4943 1705 5028 provincia,
1731 4964 1817 5013 nunc
1844 4945 1876 5009 in
1891 4942 2010 5013 Kalirss

360 5047 467 5092 aranu.

1767 5085 1772 5096 ⁴
1843 5136 1904 5202 aa*
