5409 6309
1032 823 1212 896 ...Ma
1261 858 1315 874 ..-

269 1033 385 1108 et
404 1025 612 1108 aduocato
633 1020 792 1105 tercius
811 1047 980 1131 semper
999 1022 1139 1106 cedet
1185 1025 1255 1106 Ad
1285 1049 1493 1132 magnum
1512 1021 1714 1104 iudicium
1736 1028 1853 1137 quod
1872 1014 2005 1111 litter

337 1147 380 1225 in
400 1169 520 1226 armo
534 1172 561 1223 a
580 1144 712 1224 latere
733 1149 877 1223 nostro
900 1142 1206 1224 destinabimus
1228 1142 1404 1222 militem
1422 1140 1514 1219 siue
1535 1139 1673 1221 ciuem
1692 1171 2009 1274 quemcunque

309 1249 459 1345 ‘noba
480 1259 650 1342 fidelem
671 1286 746 1367 qm
734 1258 890 1339 simul
910 1286 1008 1342 cum
1030 1259 1241 1350 aduocato
1263 1257 1500 1339 diiudicans
1536 1283 1690 1341 cumas
1727 1259 1889 1343 eisdem
1908 1292 2006 1372 pre·

337 1378 504 1480 sidebit.
565 1360 676 1459 Item
717 1376 909 1457 addimus
951 1379 1243 1484 promittentes
1281 1373 1447 1456 ciuibus
1483 1374 1638 1456 nostris
1671 1377 1932 1488 supradictis
1963 1388 2009 1462 et

336 1461 548 1585 aduocato
570 1494 688 1631 quod
707 1493 867 1574 nullum
886 1494 1193 1601 prouincialem
1213 1484 1470 1575 aduocatum
1504 1517 1632 1596 super
1662 1494 1779 1600 ipsos
1798 1522 2006 1606 umquam

336 1622 573 1696 statuemus
593 1613 674 1692 nisi
663 1610 752 1692 ad
772 1638 974 1746 magnum
1012 1611 1224 1693 iudicium
1236 1608 1286 1691 ut
1307 1610 1489 1690 diximus
1522 1612 1718 1715 superius
1749 1638 1828 1693 nec
1850 1614 2004 1719 pluries
2059 1632 2062 1636 ’
2135 1615 2139 1624 ’

336 1732 417 1812 nisi
435 1731 566 1810 term
588 1755 698 1810 anno
721 1728 775 1808 de
796 1754 881 1836 quo
904 1729 1039 1809 eciam
1075 1729 1199 1812 nobis
1219 1728 1331 1808 siout
1350 1727 1543 1835 superius
1566 1737 1633 1808 est
1654 1754 1898 1835 expressum
1921 1732 2004 1816 duo

338 1848 497 1931 denarii
520 1856 562 1927 et
582 1847 795 1928 aduocato
817 1871 913 1925 cum
935 1846 1022 1926 suis
1044 1845 1223 1954 posteris
1244 1844 1402 1925 tercius
1432 1870 1600 1950 semper
1620 1846 1861 1951 pertinebit.
1914 1847 2005 1930 Da·

335 1965 588 2047 museciam
607 1973 651 2045 et
671 1962 944 2054 concedimus
980 1964 1169 2069 predicte
1207 1961 1384 2046 Ciuitati
1420 1960 1751 2045 Sandonis-ensi
1789 1965 1840 2045 de
1873 1966 2003 2050 fluuio
2127 2072 2130 2078 ῃ

254 2146 257 2150 .
344 2078 454 2164 Vtrlo
488 2083 681 2191 superius
699 2090 748 2161 et
764 2078 873 2162 infra
913 2083 1038 2164 vuius
1071 2078 1382 2190 longitudinem
1422 2078 1606 2162 miliaria.
1659 2079 1745 2162 Ubi
1766 2081 2003 2165 aduocatos

234 2217 238 2224 ’
335 2209 502 2280 tautum
542 2192 619 2335 pre
640 2201 693 2283 s'e
708 2205 752 2279 et
770 2199 859 2278 suis
889 2198 1088 2308 legitimis
1117 2196 1437 2288 successoribus
1461 2206 1503 2278 et
1522 2223 1610 2279 non
1630 2197 1688 2278 alt
1671 2205 1736 2281 ter
1757 2226 1855 2281 cum
1875 2211 2002 2310 quoe

335 2343 504 2426 cunque
525 2317 628 2400 rotis
649 2315 763 2399 volet
782 2325 965 2424 quatuor
986 2315 1147 2397 habeat
1166 2322 1413 2398 construere
1437 2314 1679 2397 molendina
1701 2325 1745 2396 et
1762 2343 1847 2400 non
1869 2319 2008 2424 plura·

336 2431 457 2533 Quo
444 2463 537 2515 rure
552 2434 806 2516 hereditario
822 2433 1001 2541 pacifice
1021 2445 1064 2515 et
1078 2437 1223 2544 quiete
1239 2431 1363 2514 simul
1378 2457 1477 2512 cum
1489 2432 1648 2513 mensis
1668 2438 1767 2516 octo
1784 2434 1838 2516 do
1855 2436 2004 2550 gracia

334 2561 479 2636 nostra
499 2551 655 2633 additis
678 2552 844 2660 absque
864 2578 1018 2635 census
1041 2553 1257 2636 solucione
1274 2557 1318 2632 et
1334 2549 1565 2647 exaccione
1580 2550 1623 2631 in
1639 2561 1888 2659 perpetuum
1903 2579 2005 2661 pos·

335 2670 504 2751 sidebit.
566 2668 872 2752 Promittimus
866 2670 1022 2751 eciam
1059 2682 1103 2752 et
1137 2668 1412 2770 concedimus
1447 2666 1665 2774 sepedicto
1702 2669 1914 2752 aduocato
1955 2680 2004 2753 ut

333 2786 503 2869 nullus
493 2816 532 2866 ιιι
555 2814 680 2868 suum
699 2786 1008 2894 praejudicium
1029 2787 1197 2897 aliquot
1214 2787 1371 2867 audeat
1391 2796 1635 2866 construere
1655 2783 1968 2868 molendinum
1957 2816 2001 2870 ιιι
2061 2876 2068 2887 ‚

331 2903 461 2988 flauo
483 2906 705 2987 nominato.
723 2904 860 2986 donec
881 2904 973 3010 ipse
995 2914 1178 3012 quatuor
1198 2903 1293 2985 loca
1313 2901 1395 2983 sibi
1413 2900 1460 2980 in
1481 2900 1630 2983 eodem
1657 2901 1790 2983 fluuio
1818 2913 2002 3010 quatuor
2068 2927 2073 2940 ·

332 3021 665 3104 molendinorum
695 3047 772 3127 pro
794 3045 875 3100 sua
895 3020 1072 3127 elegerit
1094 3030 1137 3104 et
1155 3017 1440 3120 reseruauerit
1468 3017 1700 3099 uoluntate.
1747 3016 1947 3104 Preterca
1962 3023 2010 3104 si:

332 3139 429 3247 quis
451 3139 555 3219 alter
570 3164 670 3272 pro
675 3164 727 3217 se
743 3137 861 3218 nolet
878 3146 1122 3232 construere
1146 3147 1189 3216 et
1209 3161 1457 3241 comparere
1487 3133 1741 3217 molendina·
1761 3162 1859 3216 non
1881 3135 2002 3219 aliter

332 3255 550 3336 audeat
508 3254 589 3334 nrsi
608 3254 743 3361 primo
780 3281 807 3333 a
826 3251 950 3335 nobis
985 3255 1054 3336 vel
1089 3283 1116 3335 a
1134 3254 1287 3336 nostris
1325 3251 1602 3334 succedaneis
1636 3237 1776 3335 locum
1798 3261 1914 3336 emat
1931 3254 2010 3336 vel·
2121 3305 2126 3314 -

332 3370 546 3456 obtineat
558 3369 786 3454 molendini
821 3371 1135 3481 piscandique
1122 3401 1175 3456 ιιι
1187 3369 1381 3479 predicto
1405 3368 1540 3452 fluvio
1561 3366 1662 3450 vr'zla
1697 3368 1872 3452 Ciuitati
1901 3398 2011 3478 pro·-

331 3487 523 3572 habite
510 3514 595 3569 ram
634 3489 866 3596 assignato
926 3487 1177 3571 Aduocatus
1214 3515 1311 3570 cum
1349 3484 1528 3570 Oiuibus
1567 3486 1755 3567 eiusdem
1801 3485 1998 3571 Ciuitatis

331 3608 485 3720 pisces
491 3603 826 3717 qualescumque
847 3612 892 3686 et
907 3632 1168 3717 quocunque
1189 3603 1367 3690 artificio
1387 3602 1597 3685 voluerint
1616 3602 1790 3686 liberam
1810 3603 2003 3712 babeant

330 3723 601 3806 voluntatem.
654 3720 859 3838 Volumus
892 3722 1026 3804 eciam
1048 3724 1166 3833 quod
1186 3732 1271 3807 noir
1292 3723 1493 3805 obstante
1513 3720 1689 3802 abemus
1709 3703 1998 3835 prohibicione
2048 3773 2056 3786 ·

294 3842 399 3956 ,uel
430 3839 812 3926 contradictione
799 3869 845 3922 m
880 3839 1032 3922 eadem
1067 3851 1188 3949 parte
1232 3837 1364 3923 Vialoc
1400 3865 1541 3949 quam
1534 3836 1728 3922 Ciuiteti
1759 3831 1999 3930 addidimus
2094 3933 2101 3945 ι

333 3956 660 4043 Sandomiriensi
681 3958 898 4067 sepedicta
933 3955 1085 4040 stanes
1121 3960 1411 4069 predicatores
1433 3958 1485 4038 de
1507 3956 1632 4038 domo
1671 3954 2008 4060 Sandomiriensi·
2072 3984 2076 3993 ·

183 4120 188 4128 ·
329 4077 471 4183 pisces
491 4077 665 4187 capiant
683 4075 813 4157 libere
849 4075 1182 4186 qualescumque
1206 4086 1250 4158 et
1270 4101 1544 4186 quocumque
1581 4071 1757 4157 artificio
1790 4053 2000 4159 volueriut

182 4267 186 4270 .
330 4201 494 4273 tantum
524 4220 611 4303 pro
620 4191 822 4275 fratribus
857 4221 935 4275 sue
973 4193 1123 4276 domus
1162 4205 1205 4275 et
1239 4220 1323 4275 non
1344 4191 1402 4274 ad
1422 4190 1706 4274 vendendum.
1755 4191 1848 4275 Nec
1880 4194 2007 4275 aliter'

329 4311 409 4391 nisi
398 4308 580 4395 trebes
602 4311 714 4392 dicte
752 4312 902 4394 domus
941 4309 1294 4393 Sandomiriensis
1315 4310 1385 4393 vel
1403 4297 1600 4416 specialis
1620 4308 1677 4389 de
1698 4308 1849 4389 eadem
1871 4310 1996 4394 domo
2051 4393 2053 4398 ,
2115 4303 2123 4314 ’

328 4427 523 4536 piscator
535 4433 680 4537 pisces
694 4427 854 4510 habeat
872 4455 949 4535 pro
969 4425 1170 4508 cambus
1191 4426 1390 4535 capiendi
1409 4433 1678 4533 potestatem.
1708 4423 2005 4509 Molendinum·

269 4615 278 4628 ,
332 4548 455 4628 etiam
478 4546 722 4630 eorumdem
756 4544 932 4627 fratrum
966 4533 1280 4653 predicatorum
1317 4570 1445 4653 super
1464 4570 1599 4625 naues
1619 4542 1737 4652 quod
1758 4541 1921 4625 babent
1939 4545 1995 4629 ab

329 4666 508 4774 antiquo
523 4664 717 4747 volumus
731 4655 888 4746 deloco
900 4677 1074 4747 suonon
1089 4660 1308 4745 abmoueri
1321 4687 1404 4740 nec
1416 4661 1579 4770 aliquot
1596 4661 1752 4746 amodo
1759 4647 1859 4772 (erc)
1867 4661 2008 4746 boeot:

247 4786 255 4795 ‘
331 4783 390 4863 eis
419 4790 666 4865 construere
698 4791 872 4890 propter
891 4780 974 4863 hoo
995 4779 1114 4890 quod
1147 4779 1311 4862 habent
1338 4777 1637 4861 molendinum
1691 4776 1831 4862 Siluas
1859 4782 1995 4864 eciam

290 4897 596 5010 'ubicumque
622 4899 809 4983 locorum
844 4907 986 4982 nostre
1007 4897 1173 4982 dicioni
1183 4898 1445 5007 pertinentes
1474 4921 1552 5004 pro
1582 4896 1763 4979 utilitate
1794 4895 2004 4980 Ciuitatis·
2126 4995 2130 4999 ⁴
2200 4951 2203 4958 ·
