5409 6309
1262 915 1273 936 ,
1400 824 1575 924 -mo
1628 890 1677 906 -

1449 1238 1642 1359 ccxvi.

998 1498 1471 1586 cracoviae-die
1496 1498 1536 1585 r
1563 1498 1705 1605 Muli
1728 1497 1882 1587 1460
1908 1516 2082 1596 mo.

710 1722 820 1798 turta
833 1720 993 1816 sumtu
1006 1719 1201 1813 ardgarium
1214 1719 1246 1793 ir
1259 1720 1335 1794 rillr
1349 1720 1466 1789 Draco
1480 1718 1532 1794 ul
1546 1720 1673 1788 Dama
1686 1720 1799 1809 nnuc,
1821 1735 1925 1792 ουτω
1937 1718 2097 1810 anima
2110 1716 2298 1842 mordent
2307 1720 2362 1805 (¹1.

811 1931 1012 2017 Nicolaus
1053 1927 1309 2039 Pyenyonselr
1347 1929 1400 2010 de
1443 1927 1649 2037 Vitlorrr'cre
1682 1931 2017 2012 sucoamerarius
2049 1940 2091 2011 et
2113 1930 2360 2039 capitaneus

711 2051 995 2136 cracouiensis
1016 2059 1166 2133 tenore
1186 2049 1454 2158 presencium
1476 2050 1630 2158 quibus
1648 2049 1817 2157 expedit
1832 2048 2123 2160 significamus
2143 2049 2362 2132 uniuersis.

711 2168 899 2273 Qualiter
921 2170 1060 2253 adhuc
1082 2167 1309 2280 magnifico
1332 2167 1499 2251 domino
1521 2168 1720 2253 dohanne
1743 2169 1795 2251 de
1821 2163 1939 2253 Cr‘zow
1976 2168 2206 2252 castellano
2228 2177 2272 2248 et
2293 2196 2364 2249 ca·

710 2291 880 2401 pitaneo
918 2288 1189 2391 cracouiensi‚
1221 2316 1301 2370 nec
1331 2313 1416 2370 non
1438 2288 1693 2371 serenissimi
1725 2286 1880 2370 domini
1899 2291 2013 2400 regis
2034 2288 2206 2372 Polonie
2226 2287 2365 2372 locum

710 2420 894 2510 tenente,
914 2410 958 2490 in
978 2408 1340 2518 humenisagente
1353 2403 2045 2520 (²)n0bilisLeonardusdeDroen
2066 2404 2365 2491 etLeonardus

711 2529 821 2613 filius
843 2554 945 2612 suus
968 2529 1022 2610 de
1042 2526 1199 2609 ibidem
1218 2534 1562 2638 recognouerunt
1583 2554 1724 2612 coram
1744 2527 1899 2609 iudicio
1936 2528 2063 2609 castri
2086 2529 2366 2611 cracouiensis

712 2646 997 2758 comparendo
1017 2647 1305 2756 personaliter,
1329 2644 1432 2753 quia
1451 2657 1705 2756 receperunt
1732 2654 1903 2729 centum
1932 2649 2104 2728 marcas
2134 2646 2367 2730 communis

710 2768 889 2878 pecunie
910 2777 1077 2849 monete
1098 2774 1142 2847 et
1161 2765 1326 2848 numeri
1346 2762 1593 2877 polonicalis
1616 2767 1807 2850 consueti
1828 2766 1931 2849 certi
1952 2764 2084 2847 debiti
2107 2794 2132 2846 a
2146 2762 2275 2848 nobili
2291 2763 2367 2847 do·

710 2888 823 2971 mino
844 2884 970 2971 Petro
993 2883 1310 2969 Ozczikowszki
1345 2882 1567 2992 subjudice
1608 2895 1720 2970 terre
1757 2885 2042 2969 cracouiensis
2084 2880 2285 2995 generali,
2322 2882 2368 2966 in

711 3005 867 3115 quibus
890 3014 1058 3088 centum
1081 3005 1232 3086 marcis
1255 3003 1448 3113 obligant
1469 3004 1548 3114 ipsi
1572 3005 1740 3089 domino
1776 3004 1902 3089 Petro
1923 3014 2084 3114 partem
2121 3001 2366 3090 hereditatis

710 3153 830 3208 suam
853 3125 950 3240 (sic)
972 3125 1015 3206 in
1035 3123 1201 3207 Dzewr'n
1222 3151 1319 3207 cum
1343 3125 1456 3206 omni
1470 3124 1566 3233 jure
1589 3135 1632 3206 et
1653 3124 1848 3229 dominic,
1870 3121 2082 3226 censibfls,
2104 3124 2231 3234 agris,
2252 3148 2368 3203 cam-

709 3245 788 3356 pis,
809 3246 952 3356 pratis,
974 3247 1159 3355 pascuis,
1181 3244 1335 3355 gagijs,
1356 3242 1529 3346 rubetis,
1551 3242 1678 3347 siluis,
1698 3243 1833 3326 borris
1856 3250 1897 3325 et
1919 3270 2016 3325 cum
2047 3241 2254 3327 uniuersis
2274 3268 2368 3350 per·

711 3364 900 3473 tinentijs
924 3363 1266 3473 quibuscumque
1289 3361 1483 3444 dicantur
1517 3360 1756 3446 nominibus
1792 3361 1894 3445 nihil
1929 3361 2190 3472 excludendo
2226 3369 2368 3445 tenere

708 3483 834 3568 modo
856 3482 1106 3595 obligatorio
1127 3507 1266 3590 usque
1289 3480 1344 3562 ad
1366 3481 1698 3592 exempoienem,
1736 3480 1909 3592 dempta
1944 3485 2061 3565 curia
2090 3484 2135 3564 in
2167 3480 2305 3562 Drven
2324 3491 2368 3564 et

710 3603 825 3717 agris
850 3604 924 3715 qui
947 3602 1192 3686 excoluntur
1214 3601 1268 3683 ad
1292 3602 1450 3683 curiam
1472 3602 1516 3683 in
1538 3600 1689 3683 Druan.
1721 3599 1778 3684 Et
1801 3599 1959 3684 debent
1977 3604 2116 3711 ipsum
2136 3600 2367 3683 intercede-

709 3752 754 3806 re
776 3752 802 3805 a
823 3720 1016 3830 qualibet
1034 3746 1218 3829 persona
1238 3720 1461 3829 utriusque
1482 3747 1606 3803 sexus
1642 3722 1759 3805 iuxta
1787 3720 1893 3832 juris
1914 3718 2104 3805 formam.
2149 3720 2244 3805 Non
2265 3746 2368 3801 eua-

712 3840 850 3958 dendo
871 3841 1009 3949 ipsum
1031 3837 1328 3952 quovismodo
1351 3839 1723 3924 sub'ammissiene
1744 3867 1818 3922 sue
1841 3867 1984 3924 cause.
2028 3839 2087 3924 Et
2105 3841 2285 3949 priorem
2303 3840 2367 3921 in-

712 3959 982 4070 scriptionem
1003 3985 1131 4070 super
1151 3959 1426 4069 septuaginta
1458 3985 1622 4042 marcas
1644 3963 1781 4042 minus
1801 3958 1936 4043 tribus
1969 3970 2012 4042 et
2037 3958 2202 4044 fertone
2221 3957 2366 4043 morti·

711 4078 959 4182 ficauerunt.
1006 4077 1156 4163 Oarzel
1183 4077 1466 4161 ministerialis
1501 4079 1627 4161 datus
1650 4089 1715 4161 est
1733 4078 1814 4162 sibi
1836 4080 1893 4161 ad
1911 4077 2285 4166 intromittendum.
2315 4077 2367 4161 In

711 4191 831 4284 cuius
861 4198 923 4281 rei
942 4198 1228 4281 testimonium
1265 4197 1449 4308 sigillum
1484 4210 1673 4282 nostrum
1714 4200 1983 4307 presentibus
2020 4212 2085 4283 est
2120 4224 2364 4311 appensum.

710 4319 866 4403 Actum
886 4318 930 4400 in
951 4328 1091 4403 castro
1127 4317 1391 4401 cracouiensi
1424 4315 1529 4399 feria
1563 4318 1753 4401 secunda
1787 4316 1896 4402 infra
1927 4328 2103 4404 octauas
2138 4317 2363 4428 epiphanie

713 4438 887 4543 domini,
936 4465 1046 4523 anno
1096 4437 1252 4523 domini
1300 4436 1516 4521 millesimo
1570 4438 1987 4551 quadringentesimo
2039 4439 2365 4550 quadragesimo

814 4675 854 4755 (¹)
877 4670 1091 4761 Excriginali
1106 4696 1126 4737 a
1137 4670 1328 4737 doctissimo
1352 4668 1407 4734 W·
1421 4672 1462 4738 A.
1479 4671 1726 4756 Maciejowscio
1740 4696 1912 4747 concesso,
1935 4673 2111 4761 descripsit
2130 4672 2365 4742 Muczkowski.

713 4757 860 4845 Sigillum
876 4756 992 4835 minus,
1009 4756 1152 4823 taeniola
1163 4776 1367 4855 pergamena
1381 4777 1572 4844 appensum.
1592 4760 1653 4824 insi
1702 4782 1720 4825 e
1745 4757 1944 4847 appellatum
1960 4745 2102 4842 ‚‚Jelita”
2132 4767 2366 4847 repraesentata

710 4843 885 4929 inscriptio
897 4843 932 4907 in
940 4842 1063 4908 ambitu
1072 4842 1099 4908 si
1126 4838 1656 4917 ‘111:.‚s.N100LAJPYENAz
1673 4845 1719 4911 ’Κ
1739 4845 1802 4911 ΗΕ
1823 4843 1970 4912 VlTOV
1971 4889 2026 4912 .....
2028 4844 2047 4871 ”
2064 4845 2102 4911 In
2117 4843 2216 4910 dorso
2231 4842 2362 4912 rabulae

709 4929 846 5016 legimus
861 4928 1041 5013 sequentia:
1057 4926 1111 5006 „0
1136 4926 1251 5014 ligatio
1259 4935 1421 4993 certarum
1436 4949 1618 4995 marcarum
1635 4929 1669 4996 in
1684 4930 1816 4996 Drwcn.
1833 4929 1939 5019 Lycth
1957 4952 2000 4996 na
2013 4928 2261 5017 Drwyicnczc.”

816 5014 854 5097 (²)
874 5014 1021 5082 loannes
1036 5011 1075 5079 de
1089 5015 1225 5101 ,Gzytom
1242 5026 1390 5080 mortuus
1406 5033 1436 5077 a.
1455 5014 1548 5080 1457.
