5409 6309
1373 847 1434 928 .·
1486 801 1561 883 aar
1601 845 1660 880 .-

1126 977 1130 984 ι

702 1020 857 1105 herede
876 1020 920 1101 in
938 1011 1089 1127 Pylero
1109 1007 1163 1128 (¹)
1184 1012 1375 1097 volentes
1397 1021 1443 1093 et
1461 1012 1679 1121 cupientes
1699 1015 1866 1093 nostras
1888 1021 2161 1121 augmentare
2182 1013 2349 1101 heredi-

701 1150 820 1223 tates·
831 1142 873 1221 in
896 1136 1090 1220 districtu
1126 1142 1374 1217 nostrarvm'
1398 1131 1679 1214 hereditatvm
1716 1127 1910 1238 Pylcensi
1947 1130 2050 1214 alias
2080 1142 2127 1217 vt
2155 1143 2350 1221 tenemur

702 1260 893 1342 dedimus
912 1253 1051 1365 Nykel
1071 1252 1238 1339 Ozenar
1258 1276 1388 1334 vnum
1418 1251 1555 1334 locvm
1579 1275 1656 1360 pro
1688 1245 1979 1332 ediffieaeione
2000 1248 2097 1363 (sic)
2119 1251 2346 1341 Thaberns

699 1385 807 1466 inter
838 1378 943 1460 duas
971 1372 1156 1458 fabricas
1185 1370 1383 1455 videlieet
1411 1366 1677 1477 reoperando
1697 1364 1760 1481 (³)
1787 1377 1831 1450 et
1860 1368 1969 1452 inter
1995 1367 2265 1479 Bytanoroalro
2284 1374 2348 1490 (⁴)

699 1498 909 1611 wlgariter
947 1500 1269 1601 nuecuppatens
1291 1485 1388 1601 (sio)
1408 1514 1537 1598 penes
1558 1488 1764 1597 piscinam
1794 1484 2030 1571 inferiorem
2050 1487 2345 1606 Zowyercrsky.

697 1618 877 1727 Insuper
899 1614 1092 1697 addimus
1120 1608 1201 1694 sibi
1221 1633 1350 1691 vnum
1384 1606 1524 1690 locvm
1559 1633 1635 1717 pro
1669 1608 1939 1716 reparacione
1977 1618 2021 1690 et
2055 1605 2349 1699 ediffioacione

699 1738 860 1850 piscine
880 1735 925 1817 in
943 1731 1127 1817 fllvmine
1149 1755 1233 1838 que
1254 1727 1463 1837 wlgariter
1484 1723 1667 1835 Moetbby
1687 1735 1926 1837 nveupatur
1945 1727 2042 1842 (sie)
2066 1756 2159 1813 cvm
2174 1729 2348 1815 liberta·

698 1870 741 1942 te
765 1858 953 1966 quinque
977 1871 1179 1932 annorvm
1202 1844 1287 1930 Sed
1310 1846 1465 1953 elapsis
1488 1846 1676 1956 quinque
1692 1845 1825 1950 annis,
1847 1854 2001 1931 extunc
2024 1845 2144 1932 nobis
2167 1860 2244 1932 aut
2269 1877 2348 1936 no·

699 1977 795 2059 stris
817 1967 1133 2060 successoribus
1153 1992 1280 2049 vnam
1301 1989 1558 2076 sexagenam
1579 1964 1755 2076 singulis
1778 1966 1897 2048 annis
1919 1968 2084 2050 soluere
2106 1976 2149 2049 et
2168 1969 2272 2053 dare
2291 1973 2348 2054 sit

700 2097 898 2183 astrictus
917 2085 1115 2173 videlieet
1128 2085 1578 2194 mediamsexagenam
1588 2084 1643 2167 ad
1658 2081 1813 2168 festam
1829 2088 1969 2168 sancti
1979 2085 2149 2170 Martini
2165 2096 2208 2170 et
2224 2090 2348 2191 aliam

699 2216 881 2300 mediam
902 2231 1160 2316 sexagenam
1181 2204 1237 2286 ad
1256 2199 1410 2286 festvm
1440 2203 1578 2285 sancti
1607 2200 1787 2288 Joannis
1821 2202 2017 2313 Baptiste
2047 2205 2196 2289 Eciam
2217 2237 2348 2293 vnum

698 2347 832 2422 ortvm
852 2330 921 2414 vel
938 2329 1081 2438 plures
1101 2332 1229 2432 prout
1247 2322 1394 2405 melius
1415 2322 1572 2432 poterit
1593 2330 1636 2403 et
1656 2350 1782 2434 agros
1810 2334 1932 2433 prata
1950 2326 2068 2409 iuxta
2086 2326 2252 2411 libitvm
2273 2355 2347 2413 sue

698 2450 925 2539 volvntatis
947 2446 1155 2557 extirpare
1189 2444 1252 2524 ita
1269 2440 1398 2552 longe
1421 2448 1464 2522 et
1481 2442 1567 2525 late
1586 2452 1713 2553 prout
1746 2442 1826 2526 sibi
1861 2442 2013 2527 Petrus
2053 2444 2105 2527 de
2140 2444 2348 2559 ereptow

696 2581 878 2684 protunc
899 2573 1046 2652 noster
1068 2561 1330 2672 Capitaneus
1351 2560 1569 2670 Pyleensis
1592 2587 1777 2645 vnacum
1811 2561 2027 2649 Wiodario
2058 2561 2265 2675 Gregorio
2297 2566 2351 2650 de

698 2686 987 2802 Bylaaoropera
1026 2684 1302 2794 assignarunt
1336 2705 1464 2789 super
1508 2676 1680 2764 arbores
1714 2681 1758 2763 in
1793 2680 1926 2766 Borra
1961 2693 2117 2768 nostra'
2139 2684 2350 2796 wlgariter

698 2808 874 2917 Soboroy
896 2806 965 2917 (⁶).
985 2804 1037 2890 In
1058 2829 1143 2917 quo
1161 2804 1255 2892 loco
1278 2807 1321 2881 et
1340 2796 1474 2883 Borra
1493 2800 1549 2882 sit
1566 2809 1615 2883 vt
1632 2798 1840 2915 prefertur
1864 2812 2023 2907 nostra,
2052 2831 2131 2886 sua
2160 2827 2235 2915 pro
2255 2831 2348 2886 me-

695 2928 923 3013 lioratione
943 2931 1077 3007 metas
1107 2919 1317 3033 wlgariter
1353 2915 1530 3029 Schotep
1566 2947 1650 3002 non
1687 2920 1932 3008 excedendo
1967 2932 2110 3033 potest
2138 2924 2347 3034 extirpare

696 3073 823 3160 agros
843 3051 968 3156 prata
988 3050 1194 3157 quantum
1213 3039 1309 3149 plus
1331 3046 1375 3120 et
1394 3040 1533 3149 magis
1554 3039 1734 3123 voluerit
1752 3040 1901 3125 Eciam
1919 3045 1964 3125 in
1987 3040 2217 3127 Thabema
2245 3070 2345 3154 pre·

697 3166 811 3251 dicta
831 3169 975 3276 potest
995 3189 1145 3245 carnes
1168 3170 1212 3243 et
1230 3184 1385 3268 panem
1404 3159 1602 3268 pistando
1631 3160 1815 3243 vendere
1845 3172 2051 3274 tanquam
2070 3189 2197 3246 verus
2225 3172 2271 3247 et
2287 3163 2347 3247 le·

693 3287 885 3398 gittimus
904 3282 1040 3366 heres.
1090 3277 1175 3380 Qui
1204 3281 1339 3364 eciam
1360 3275 1499 3389 Nykel
1520 3278 1684 3364 Ozenar
1718 3307 1816 3363 cvm
1852 3282 2007 3364 citatus
2050 3307 2126 3392 per
2163 3282 2347 3395 aliquem

693 3403 821 3488 fuerit
839 3401 1052 3488 hominem
1073 3401 1144 3485 vel
1164 3398 1433 3482 kmethonem
1455 3425 1541 3482 non
1563 3398 1684 3481 aliter
1718 3400 1799 3482 nisi
1834 3400 1954 3483 iuxta
1983 3400 2346 3486 Consuetudinem

694 3532 933 3609 nostrorum
952 3521 1227 3604 kmethonum
1256 3520 1300 3599 in
1329 3513 1618 3626 Bploaowycza
1653 3546 1796 3603 coram
1824 3529 1968 3605 nostro
2004 3519 2202 3606 wlodario
2238 3519 2344 3605 Jure

695 3652 814 3726 teuto
839 3636 936 3752 (sio)
958 3638 1153 3723 omnibus
1185 3638 1303 3719 dese
1326 3635 1646 3744 querulantibus
1682 3629 1956 3746 respondebit
1982 3639 2131 3723 Eciam
2163 3638 2282 3752 ligna
2300 3641 2347 3723 in

694 3760 828 3846 Borra
849 3784 927 3841 sua
944 3785 1023 3866 pro
1043 3758 1299 3840 necessitate
1321 3783 1374 3838 ao
1396 3752 1687 3839 edifficaoione
1713 3758 1860 3840 domus
1880 3767 1922 3840 et
1936 3757 2163 3843 Thaberne
2181 3760 2349 3844 excidet

696 3887 905 3991 quantum
929 3877 1011 3962 sibi
1036 3877 1269 3960 necessitas
1299 3872 1424 3957 fuerit
1443 3875 1555 3958 nullo
1575 3872 1918 3961 Contradioente.
1964 3876 2119 3962 Eoiam
2138 3879 2286 3963 damus
2310 3880 2349 3961 ei

698 3996 982 4084 omnimodam
1003 4004 1259 4106 potestatem
1289 3990 1566 4077 Thabernam
1596 3996 1833 4102 predictam
1868 3996 2056 4081 vendere
2090 4007 2348 4083 commntare

695 4147 747 4203 ae
770 4118 954 4200 alienare
986 4125 1029 4198 et
1058 4115 1113 4199 ad
1143 4141 1244 4198 vsus
1276 4138 1374 4197 suos
1407 4123 1655 4197 convertere
1686 4125 1811 4224 prout
1848 4114 1929 4198 sibi
1958 4116 2107 4200 melius
2138 4116 2350 4201 videbitur

668 4236 892 4348 Lexpedire
928 4236 1074 4319 datum
1104 4236 1146 4317 in
1177 4227 1325 4342 Pyloza
1363 4229 1467 4315 feria
1497 4229 1653 4316 Tereia
1686 4240 1785 4343 post
1826 4231 1994 4317 Pascha
2033 4235 2158 4319 Anno
2191 4235 2348 4320 domini

538 4459 541 4467 Ι
693 4357 913 4442 Millesimo
945 4350 1262 4440 OOOO⁰XXX
1292 4353 1438 4461 primo.
1486 4351 1536 4435 In
1569 4349 1701 4437 Cuius
1733 4353 1814 4438 Rei
1845 4356 2132 4439 testimoninm
2154 4353 2347 4468 Sigillvm
2418 4343 2423 4348 ’

692 4487 881 4562 nostrvm
911 4482 978 4558 est
1005 4501 1241 4586 appensum
1271 4470 1538 4582 presentibus
1569 4470 1709 4558 Nobili
1738 4472 1913 4560 Nicolao
1944 4473 2136 4561 Sculteto
2169 4474 2224 4558 de
2254 4472 2347 4557 sra-
2431 4591 2434 4598 ⁴

797 4708 840 4872 gi
862 4704 1034 4866 {ibib-ea,
1043 4792 1121 4857 villa
1128 4791 1273 4877 regionis
1283 4790 1491 4859 Leloviensis
1502 4792 1535 4858 in
1548 4760 1759 4861 Cracovierisi
1771 4793 1954 4881 provincia,
1962 4793 2133 4881 (parochia
2141 4794 2347 4879 Kromoldw).

800 4877 838 4956 (⁴)
863 4876 1074 4955 Bielonoror'ar,
1089 4876 1167 4941 vilia
1181 4875 1323 4975 ejusdem
1337 4876 1481 4962 regionis
1495 4887 1530 4943 et
1543 4879 1743 5030 pppvinoiae,
1756 4878 1929 4965 (parocbia
1938 4880 2143 4957 Kromoidrr).

721 5007 725 5028 .
799 4963 837 5043 (⁵)
863 4958 975 5048 Soany:
988 4987 1081 5030 roano
1097 4955 1259 5048 polonice,
1271 4971 1322 5027 est
1333 4966 1431 5051 pinus
1448 4961 1535 5047 apud
1602 4985 1726 5032 manos.
