5409 6309
1341 790 1617 865 -slo-

1292 1034 1294 1036 ’
1393 1056 1571 1211 otvrr.

1033 1347 1164 1435 Sine
1180 1346 1411 1436 loco-8
1428 1348 1590 1434 lunii
1604 1345 1746 1435 1³26
1764 1367 1928 1434 anno.
2076 1374 2081 1381 ·

664 1642 668 1647 ,
776 1573 894 1670 spritu
914 1572 1023 1645 heus
1036 1569 1074 1644 dc
1089 1572 1261 1640 Krobialos
1284 1568 1622 1661 tormentuosum
1635 1569 1742 1644 villu
1755 1588 1845 1645 run
1858 1569 2006 1662 propriu
2019 1567 2124 1644 mm
2138 1571 2189 1655 (ι).

764 1784 852 1869 Nos
882 1781 1016 1869 Pelka
1044 1778 1187 1865 ludex
1208 1787 1251 1862 et
1267 1777 1438 1863 Marcus
1469 1777 1676 1890 subjudex
1715 1776 2065 1865 sandomirienses
2104 1779 2308 1866 vniucrsis

665 1903 820 2017 quibus
857 1901 1026 2014 expedit
1058 1907 1305 2011 prestamur.
1357 1894 1483 1998 Quod
1517 1898 1727 1982 accedens
1750 1899 1803 1983 ad
1821 1900 2010 1983 'nostram
2050 1900 2309 2009 presenciam

662 2033 982 2134 nostrorumque
1018 2046 1277 2103 assessorum
1318 2017 1469 2102 nobilis
1500 2019 1562 2102 vir
1595 2017 1743 2131 Spitlro
1773 2017 1881 2102 filius
1912 2017 2074 2130 Bogusi
2096 2016 2148 2101 de
2171 2013 2311 2102 Crobe·

664 2138 737 2227 licz
757 2139 811 2256 (⁹)
833 2168 961 2224 sanus
992 2148 1132 2224 mente
1152 2147 1196 2220 et
1216 2164 1389 2249 corpore
1421 2165 1516 2220 cum
1544 2136 1659 2222 bona
1689 2139 1820 2248 ipsius
1840 2138 2054 2223 voluntate
2075 2164 2194 2220 suam
2214 2167 2312 2252 pre-

666 2262 821 2344 dictam
851 2258 1131 2343 hereditatem
1153 2284 1237 2366 que
1259 2255 1525 2340 extennditur
1546 2284 1622 2340 seu
1641 2260 1755 2341 iacet
1772 2284 1918 2341 versus
1948 2257 2088 2343 villam
2107 2286 2183 2367 pro
2207 2259 2312 2345 duo·

665 2379 802 2463 decim
819 2381 971 2462 marcis
993 2403 1236 2490 grossorum
1256 2384 1421 2461 monete
1441 2376 1684 2487 polonioalis
1699 2376 1889 2463 vendidit
1904 2406 1954 2460 ac
1969 2373 2140 2489 publice
2156 2378 2199 2460 in
2214 2406 2311 2489 per-

525 2520 533 2527 “
663 2510 838 2617 petuam
859 2496 1091 2610 resignauit
1109 2493 1240 2580 nobili
1257 2497 1346 2580 viro
1364 2493 1557 2608 Spitkoni
1578 2494 1720 2580 heredi
1743 2496 1794 2579 de
1816 2494 1981 2581 Szczcoo
2017 2521 2100 2606 que
2120 2499 2312 2609 predicta

664 2617 875 2701 hereditas
897 2620 978 2701 sita
1001 2622 1066 2700 est
1086 2615 1129 2696 in
1149 2614 1382 2699 hereditate
1404 2615 1517 2697 dicta
1539 2610 1763 2717 Crobelicze,
1793 2614 2054 2719 habendam,
2084 2617 2312 2701 tenendam

665 2735 950 2842 vendendam,
969 2733 1311 2846 permutandam,
1333 2734 1570 2819 donandam
1593 2744 1636 2818 et
1656 2728 1831 2821 ad'usus
1852 2735 1916 2819 sui
1936 2734 2190 2846 beneplaciti
2210 2763 2310 2821 con·

664 2856 912 2941 acuendam
949 2884 999 2940 ac
1033 2854 1359 2967 inperpetuum
1395 2880 1491 2937 cum
1525 2881 1604 2937 sua
1642 2854 1831 2968 legitima
1858 2856 1975 2964 prole
2015 2853 2311 2967 possidendam

665 3004 795 3089 quam
814 2971 1107 3061 vendicionem
1127 2983 1171 3056 et
1185 2976 1445 3082 empcionem
1464 2973 1711 3058 notificando
1733 2973 2028 3059 confirmamus
2048 2976 2093 3058 in
2112 2977 2231 3058 cuius
2250 2974 2312 3058 rei

665 3094 949 3179 testimonium
985 3101 1130 3195 nostra
1165 3091 1304 3204 sigilla
1338 3093 1436 3177 huic
1470 3092 1591 3176 litere
1626 3103 1725 3179 sunt
1754 3120 1914 3205 apansa
1944 3084 2102 3178 A'otum
2122 3096 2165 3178 in
2184 3092 2314 3181 Festo

666 3224 814 3298 sancte
836 3223 880 3296 et
897 3214 1112 3298 indiuidua
1135 3212 1365 3296 Trinitatis.
1417 3210 1538 3296 Anno
1561 3213 1714 3321 domini
1733 3212 2082 3300 MCOOLXXVI
2111 3214 2316 3327 presenti·

665 3333 748 3417 bus
768 3333 848 3441 hijs
869 3332 1079 3419 nobilibus
1114 3331 1329 3417 Dobeslao
1351 3332 1540 3418 Palatino
1563 3330 1833 3420 Oracoviensi
1856 3331 1910 3448 (³)
1942 3332 2099 3419 Ottone
2128 3334 2314 3445 palatino

668 3452 994 3539 Sandomiriensi
1015 3450 1070 3565 (⁴)
1101 3453 1277 3536 dominis
1298 3452 1490 3538 Szauisio
1512 3449 1797 3562 Woyniciensi
1817 3452 1872 3566 (³)
1913 3453 2087 3538 Nicolao
2117 3454 2315 3539 nauicho·

668 3572 813 3656 stiensi
825 3568 879 3685 (⁰)
898 3571 1074 3657 dominis
1097 3572 1336 3656 castellanis
1357 3571 1518 3655 Mathia
1539 3570 1785 3656 cancellario
1805 3569 2060 3656 Dobrinensi
2082 3570 2313 3689 Sangneuo

667 3691 823 3775 herode
845 3691 899 3772 de
920 3688 1092 3803 Slupcza
1108 3688 1162 3804 (⁷)
1185 3699 1228 3775 et
1248 3689 1338 3774 aliis
1361 3689 1696 3803 quamplurimis
1718 3689 1801 3774 fide
1824 3691 1976 3803 dignis.

774 3924 813 4005 (¹)
837 3921 965 4073 Tlsppga
977 3921 1187 3990 illustrissimi
1201 3922 1324 3990 Leonis
1335 3922 1597 4010 Rzyszozewscii
1610 3924 1754 4012 propria
1776 3924 1814 3991 In
1825 3923 1924 3993 dorso
1938 3948 2018 3994 vero
2034 3927 2162 3995 tabulae
2178 3929 2315 4018 inscrip-

670 4019 725 4077 tus
740 4030 845 4075 sunus
943 4053 951 4072 .

776 4094 815 4176 (²)
838 4095 1015 4173 Krobialos,
1030 4093 1112 4159 duae
1126 4092 1222 4159 villae
1236 4103 1314 4161 sunt
1328 4092 1476 4189 ejusdcm
1487 4093 1636 4169 nominis.
1651 4094 1686 4160 iu
1701 4093 1960 4164 Ssudomiriensi
1979 4097 2143 4166 territorio
2159 4111 2194 4167 et
2206 4102 2316 4192 regio·

669 4203 721 4260 ne,
739 4178 1032 4267 altersparochiae
1056 4178 1315 4267 Mydlowiensis,
1346 4180 1448 4247 ultera
1475 4200 1555 4247 varo
1584 4178 1799 4249 Goslicensis.
1831 4180 2036 4251 Goslicensis
2056 4185 2234 4270 parochiae
2264 4201 2315 4258 est

671 4266 767 4333 ctiam
781 4262 859 4331 villa
873 4266 1024 4333 Kroblica.

776 4353 814 4433 (⁸)
836 4349 1034 4418 Dobisslans
1047 4348 1087 4417 de
1105 4352 1291 4432 Karensioi

777 4438 815 4517 (⁴)
839 4433 920 4503 Otto
936 4436 978 4503 de
994 4436 1105 4520 Pilais,
1120 4435 1248 4524 zPity.
1495 4454 1498 4462 '

779 4522 818 4600 (⁸)
841 4520 984 4588 Zcuisza
993 4523 1063 4609 jam
1077 4543 1186 4588 nanee
1200 4522 1351 4609 Angusto
1368 4522 1459 4602 1366,
1475 4519 1672 4589 castellanus
1689 4520 1971 4592 Sandomirianais
1993 4525 2089 4595 Oonl·
2103 4547 2190 4613 opus
2203 4526 2316 4597 lands-

675 4612 744 4670 tum
759 4604 926 4685 „Dotctelr
940 4607 1184 4695 tygodniowy,’'
1202 4611 1281 4676 1851
1310 4606 1363 4675 ut
1378 4609 1431 4675 32.
1463 4605 1565 4695 Apud
1576 4605 1801 4687 Nicsicccium,
1811 4608 1957 4678 «loannes
1969 4610 2010 4677 da
2022 4609 2151 4699 Tsozyn
2164 4615 2316 4683 enunc-

676 4711 737 4755 nus
752 4687 1034 4788 Sandomiriensis,
1048 4693 1085 4760 fit
1100 4692 1260 4778 palatinus
1277 4658 1505 4762 llrscoviensis
1520 4714 1549 4756 a.
1563 4695 1654 4770 1369,
1670 4693 1758 4776 quod
1771 4694 1930 4781 videmus,
1947 4697 2065 4766 falsum
2078 4704 2138 4763 est.

781 4776 820 4853 (⁶)
842 4772 995 4840 Nrcolaus
1006 4777 1094 4844 Rosa
1108 4777 1147 4842 de
1161 4780 1195 4843 B
1252 4781 1380 4862 suasa,
1398 4775 1536 4865 insignis
1550 4776 1658 4868 Porcj.

589 4878 593 4895 ¹
663 4912 666 4919 .
754 4858 838 5012 ὦ(
846 4856 990 4947 Stirpem,
1004 4870 1054 4931 ast
1068 4859 1145 4928 villa
1158 4862 1226 4931 San
1251 4862 1431 4932 omiriensis
1445 4864 1543 4930 ctiam
1560 4862 1717 4950 regionis,
1740 4863 1917 4952 parochiae
1937 4887 2018 4935 roro
2035 4865 2078 4932 ad
2096 4863 2205 4935 villam
2234 4867 2316 4961 θοις

677 4967 754 5036 spec
839 4967 864 5012 s.
