5409 6309
1406 877 1450 891 -
1505 838 1578 912 386
1614 827 1685 920 ’-,

716 1048 781 1134 lus
800 1046 948 1147 tenuit,
969 1042 1050 1128 sini
1070 1041 1201 1126 nichil
1221 1041 1272 1124 dc
1293 1039 1487 1148 predicta
1506 1038 1723 1126 Scoltecia
1742 1038 1999 1149 usurpando,
2017 1066 2169 1149 neque
2188 1041 2374 1124 retinen-

716 1170 782 1269 do,
803 1164 879 1247 sed
900 1191 997 1246 cum
1018 1161 1214 1248 omnibus
1246 1158 1484 1268 attinencijs
1521 1156 1816 1268 spectantibus
1854 1159 1910 1245 ad
1946 1160 2180 1270 predictam
2215 1159 2373 1274 scolte-

715 1287 836 1388 ciam,
857 1282 1055 1392 prudenti
1074 1282 1164 1367 viro
1185 1278 1397 1388 Ithanonij
1410 1276 1467 1391 (i)
1480 1305 1531 1362 ac
1548 1279 1634 1360 suis
1650 1277 1869 1389 legittimis
1882 1279 2212 1386 successoribus,
2228 1307 2373 1369 coram

716 1403 797 1513 hijs
818 1401 1012 1509 testibus,
1048 1399 1190 1488 Nobili
1221 1401 1310 1483 viro
1341 1397 1561 1508 Raphaele
1593 1397 1645 1481 de
1684 1396 1867 1507 Voytroro
1889 1398 2001 1511 (sic),
2031 1398 2206 1485 Andrea
2225 1398 2371 1489 Mallo.

714 1551 795 1632 say
815 1521 1013 1633 opydano
1035 1518 1133 1636 (sic)
1156 1519 1207 1602 de
1228 1518 1392 1630 chow,
1414 1515 1613 1602 «Iohanne
1635 1514 1822 1603 Consule
1858 1515 1944 1603 filio
1977 1519 2174 1626 eiusdem,
2212 1532 2255 1607 et
2275 1517 2370 1628 alijs

715 1641 1049 1754 quamplurimis
1070 1638 1310 1749 fidedignis.
1342 1636 1393 1720 In
1414 1639 1531 1719 cuius
1552 1637 1626 1745 reij
1650 1635 1746 1749 (sic)
1768 1637 2053 1722 testimonium
2069 1643 2207 1753 sigilla
2221 1644 2373 1735 nostra¹

714 1761 991 1872 appendimus
1001 1787 1052 1842 ac
1061 1758 1302 1867 appendere
1304 1754 1723 1864 jubemus—Actum
1737 1766 1778 1839 et
1788 1756 1934 1841 datum
1946 1757 2369 1880 aputsohemiamll)

711 1880 929 1965 consulem
949 1877 1269 1986 Molosayewicz
1290 1876 1466 1959 bannito
1476 1879 1531 1959 in
1551 1876 1719 1979 iudicio,
1751 1873 1856 1959 feria
1887 1879 2036 1988 quinta
2066 1880 2109 1962 in
2137 1880 2246 1971 festo
2269 1912 2368 1970 san.

715 2008 877 2085 ctorum
898 1997 1116 2081 Martirum
1135 1993 1330 2078 Ffabiani
1354 2006 1396 2077 et
1419 1994 1672 2100 sebastiani,
1710 2021 1820 2079 anno
1844 1995 1999 2082 domini
2020 2000 2236 2093 millesimo
2259 2032 2368 2115 qua-

713 2119 1016 2202 tricentessimo
1039 2117 1261 2200 vicessimo
1285 2113 1382 2230 (sic)
1407 2123 1571 2223 quarto.
2296 2109 2301 2122 '

1428 2576 1662 2694 exous.
1788 2553 1799 2754 J

873 2835 1348 2944 consociae-uic
1374 2838 1439 2921 15
1461 2833 1661 2921 mamis
1686 2836 1848 2920 senii
1873 2815 2024 2926 1424
2044 2859 2208 2926 omno.

710 3069 842 3139 littores
863 3061 972 3156 judicii
985 3060 1141 3133 terrestris
1157 3056 1739 3245 opmmwv'fllup'lrllmffi'tlllll„
1764 3056 1906 3130 nobilium
1932 3035 2011 3132 inter
2029 3078 2063 3133 se
2089 3065 2183 3136 anu
2208 3068 2368 3140 camon

1045 3175 1049 3183 “
1367 3164 1373 3178 ’
1399 3165 1555 3235 clanii
1589 3163 1615 3235 't
1711 3205 1720 3221 .

811 3377 898 3460 Nos
915 3376 1065 3458 Petrus
1085 3375 1136 3456 dc
1154 3367 1316 3454 Fullo-ro
1327 3370 1381 3484 (²)
1392 3371 1423 3455 J
1425 3372 1546 3472 udex,
1559 3382 1601 3453 et
1612 3367 1853 3480 Zawissyus
1868 3372 1921 3454 de
1937 3371 2254 3493 Oleschniczc(³)
2265 3381 2365 3464 sub-

707 3498 832 3579 iudex
853 3495 985 3579 Terre
1003 3491 1355 3580 Sandomiriensis
1373 3485 1606 3602 generales
1622 3489 1868 3598 profitemur
1884 3493 2089 3576 universis
2113 3497 2268 3607 quibus
2291 3528 2365 3582 ex·

708 3617 826 3723 pedit
860 3615 1128 3724 presencium
1148 3639 1223 3719 per
1244 3625 1444 3694 tenorem.
1493 3606 1605 3709 Quia
1620 3609 1772 3694 nobilis
1790 3607 2031 3695 Stanislaus
2054 3614 2108 3696 de
2123 3611 2287 3725 Znnikp
2304 3618 2359 3732 (⁴)

705 3737 826 3818 heres
848 3763 991 3818 coram
1011 3732 1182 3816 Judicio
1204 3731 1389 3810 terrestri
1409 3729 1683 3838 personaliter
1705 3731 1972 3834 constitutus,
2004 3758 2132 3815 sanus
2154 3746 2294 3818 mente
2318 3748 2362 3820 et

707 3857 890 3963 corpore*
904 3853 1100 3954 existens,
1121 3876 1205 3933 non
1229 3848 1482 3958 compulsus,
1505 3875 1585 3929 nec
1608 3848 1755 3955 aliqua
1774 3848 1921 3933 fraude
1960 3852 2176 3957 seductus,
2211 3855 2288 3938 sed
2310 3858 2364 3939 de

707 3973 821 4058 bona
842 3982 883 4055 et
903 3970 1036 4054 libera
1056 3971 1185 4080 ipsius
1209 3957 1438 4070 noluntatc²
1466 3968 1716 4079 recognovit
1735 3968 1903 4076 publice
1935 3971 2223 4081 perpetualem
2246 3977 2362 4061 com-

706 4093 988 4177 mutacionem
1009 4090 1170 4192 fecisse,
1193 4117 1289 4171 curn
1310 4085 1443 4171 nobili
1465 4087 1639 4172 Nicolao
1662 4086 1713 4167 de
1737 4084 1901 4198 Sroolya
1936 4090 2102 4212 hereric,
2139 4091 2265 4176 talem
2297 4106 2362 4179 ta·

810 4331 853 4410 (¹)
876 4328 928 4394 Ex
944 4325 1096 4415 originali
1111 4325 1227 4391 charta
1235 4318 1386 4419 'Capituli
1397 4318 1820 4411 Vladislaviensispropria,
1833 4322 2008 4410 descripsit
2017 4325 2363 4415 LeoRzyszczewski.

707 4419 782 4485 Duo
797 4414 905 4501 sigilla
919 4413 996 4480 olim
1010 4414 1149 4485 fucrant,
1166 4405 1263 4472 hodre
1278 4406 1438 4504 taeniolac
1451 4427 1668 4494 pergamenae
1684 4418 1811 4473 tantum
1825 4416 1960 4474 restant.
2047 4475 2051 4484 ,

807 4502 850 4583 (²)
873 4501 1009 4578 Fclkow,
1026 4496 1104 4561 villa
1117 4503 1169 4559 est
1184 4487 1394 4578 parochialis,
1417 4491 1637 4560 Konieccnsis
1652 4493 1797 4580 regionis
1813 4493 1848 4559 in
1862 4494 2121 4563 Sardemiriensi
2136 4500 2317 4582 provincia.
2432 4512 2436 4520 “

808 4589 848 4666 (³)
874 4585 1026 4662 Olonico,
1045 4579 1120 4646 villa
1134 4577 1232 4643 etiam
1248 4577 1459 4677 parochialis,
1477 4577 1707 4646 Stobnioensis
1722 4579 1865 4665 regionis
1888 4579 1922 4645 in
1939 4579 2155 4649 Cracoriensi
2204 4584 2360 4654 revincia.

807 4673 855 4754 (⁴)
871 4662 1009 4736 Zerniii:
1024 4663 1167 4754 ejusdem
1184 4683 1324 4728 nomime
1340 4663 1439 4729 villae
1454 4674 1530 4731 sunt
1546 4663 1772 4731 Stobnicensis
1788 4663 1885 4730 hodia
1900 4666 2056 4752 regionis,
2069 4605 2361 4767 etSzylloviensis

704 4761 738 4824 in
754 4756 968 4824 Creeoviensi
981 4753 1166 4844 provincia,
1184 4747 1419 4837 Opatoviensis
1435 4773 1532 4829 vero‚·
1553 4750 1586 4816 in
1612 4748 1878 4817 Saudorniriensi.
1911 4750 2164 4839 Rzysaczewaln
2188 4763 2295 4841 putat,
2323 4755 2363 4820 dc
2458 4796 2467 4805 -

664 4926 667 4930 ,
705 4841 906 4910 ultimavilla
919 4840 984 4907 huc
1008 4862 1081 4908 esse
1106 4836 1314 4912 mentionem,
1342 4857 1425 4919 quae
1454 4836 1496 4901 ad
1518 4835 1646 4902 clavam
1672 4833 1941 4902 Piorkovieneem
1966 4837 2107 4923 spectat,
2137 4839 2225 4926 apud
2249 4840 2364 4905 orbern

706 4931 825 5018 Zapiw
839 4928 971 4994 dictum:
997 4926 1084 4996 conf.
1093 4920 1192 5010 paulo
1205 4922 1340 4988 inferius
1355 4921 1496 4987 tabulam
1515 4921 1591 4986 anni
1608 4921 1700 4991 1430,
1724 4919 1945 4988 Sardemiriae
1954 4943 2063 4990 mense
2075 4924 2227 5008 januario
2240 4924 2359 4990 datam.

704 5017 796 5082 Haec
812 5016 888 5080 villa
905 5015 1030 5083 Zerniti
1040 5009 1142 5105 clavis
1155 5009 1412 5086 Piorkovienua
1428 5005 1624 5096 episcopalis
1638 5014 1696 5074 est.
