5409 6309
1277 757 1646 854 .κίιο-

672 990 778 1075 villis
795 992 840 1071 in
855 981 1075 1094 Knepaycb
1089 979 1363 1090 pertinentes,
1379 980 1570 1063 Ecclesie
1588 978 1838 1093 Thinciensi
1852 976 2058 1066 tributum
2079 992 2126 1068 et
2145 983 2341 1074 saroam

603 1117 604 1120 ‘
670 1128 768 1194 cu'm
789 1100 1032 1189 Pomochne
1055 1098 1227 1183 soluunt
1247 1095 1314 1209 (ὓ).
1362 1098 1601 1210 ,Οραεουεοὴ
1638 1095 1754 1209 quod
1775 1098 1867 1184 Rex
1887 1096 2112 1184 Bolezlaus
2133 1133 2230 1188 cum
2251 1105 2344 1191 foro

671 1237 715 1311 et
733 1223 912 1306 taberna
942 1226 985 1299 et
1015 1218 1197 1300 transitu
1231 1216 1375 1298 nauali
1411 1225 1454 1310 et
1488 1228 1589 1300 voto
1605 1295 1611 1305 ,
1627 1216 1850 1315 duodecim
1886 1246 2128 1314 marcarum
2162 1224 2355 1336 singulis
2461 1220 2467 1226 ’

668 1344 789 1428 annis
823 1348 866 1421 et
896 1333 1064 1419 duabus
1099 1335 1288 1442 tabernis
1317 1337 1362 1416 in
1400 1331 1531 1416 Wisla
1565 1336 1740 1418 ecclesie
1778 1336 1996 1418 Tinciensi
2033 1340 2211 1423 contulit
2244 1329 2363 1436 cun]¹

567 1497 570 1504 ’
668 1456 909 1546 hominibus
930 1454 1043 1556 Rac,
1066 1454 1244 1557 Ohrust,
1275 1450 1458 1554 Brunca,
1480 1452 1641 1536 Duran.
1673 1452 1838 1536 Harum
1874 1453 2067 1548 villarum
2089 1458 2278 1544 decimas
2300 1469 2345 1543 et
2378 1559 2383 1562 ,

670 1578 966 1684 omniumque
988 1572 1196 1684 religiosis
1231 1570 1330 1654 viris
1369 1562 1640 1655 collate'sunt
1659 1580 1817 1683 rogatu
1836 1569 1970 1654 Ducis
1992 1569 2177 1659 Bolezlai
2197 1577 2346 1663 Rade-

668 1686 760 1781 stus
795 1694 1049 1801 Episcopus
1070 1690 1208 1773 eidem
1229 1686 1421 1774 Ecclesie
1443 1689 1633 1774 contulit.
1667 1691 1924 1774 Thinciense
1945 1718 2046 1774 vero
2066 1698 2346 1778 monesterium

671 1811 911 1902 omnimodo
930 1809 1108 1891 liberum
1146 1812 1258 1910 esse,
1295 1808 1531 1915 apostolica
1551 1811 1803 1894 auctoritate
1826 1809 2112 1913 decernimus,
2133 1813 2250 1897 saluo
2269 1825 2341 1898 ta·

669 1964 769 2018 men
804 1932 964 2028 honore
985 1935 1029 2008 et
1046 1929 1286 2008 reuerentia
1322 1924 1618 2010 Oracouiensis
1653 1928 1846 2012 Ecclesia
1879 1955 1929 2008 ac
1963 1929 2119 2011 domini
2150 1929 2370 2040 Rasoss,

671 2075 927 2158 suorumque
949 2041 1264 2146 successorum,
1296 2044 1470 2126 scilicet.
1493 2056 1541 2128 ut
1560 2047 1697 2129 nullus
1717 2045 1838 2149 Dux,
1858 2043 2119 2153 Episcopus,
2140 2046 2344 2156 Marchio,

547 2209 549 2212 ·
671 2171 847 2269 Comes,
883 2167 1142 2268 vicecomes,
1166 2164 1294 2264 nulla
1312 2187 1499 2270 persona
1521 2193 1681 2276 magna
1700 2164 1768 2245 uel
1787 2191 1923 2271 parua
1943 2158 2185 2248 Ecclesiam
2207 2167 2343 2250 Thin-

547 2326 553 2336 ·
670 2290 856 2371 ciensem
876 2283 1098 2366 molestare
1114 2281 1183 2366 vel
1200 2280 1253 2362 de
1268 2281 1426 2390 predijs
1444 2292 1487 2365 et
1504 2281 1676 2365 decimis
1698 2277 1893 2365 Ecclesia
1916 2283 2076 2391 aliquid
2093 2283 2343 2370 subtrahere

668 2412 889 2519 presumat
907 2401 964 2516 i,
1004 2397 1208 2511 Quisquis
1231 2396 1286 2511 (Ἰ)
1310 2409 1455 2480 autem
1477 2402 1602 2484 huius
1621 2409 1766 2485 nostre
1786 2401 1945 2511 pagine
1967 2401 2137 2488 extiterit
2167 2402 2346 2511 violator,
2379 2417 2384 2426 '

627 2529 634 2538 ’
653 2525 741 2630 ,vel
757 2524 811 2605 de
825 2520 1019 2604 Ecclesie
1040 2516 1168 2600 rebus
1190 2517 1333 2629 aliquo
1351 2521 1576 2601 conamine
1593 2520 1812 2631 quidpiam
1830 2516 1968 2601 aufere
1984 2518 2175 2623 voluerit,
2197 2550 2224 2602 a
2238 2523 2363 2610 limi·.

670 2640 797 2726 nibus
833 2646 980 2742 sancte
1017 2636 1212 2720 Ecclesie
1243 2644 1285 2718 et
1316 2637 1502 2720 omnium
1533 2637 1718 2721 fidelium
1752 2637 2087 2722 Christianorum
2103 2703 2105 2708 .
2124 2641 2344 2724 consorcia

664 2766 893 2869 separatus
915 2783 966 2837 ac
987 2754 1159 2839 viuifico
1197 2781 1372 2862 corpore
1394 2765 1438 2838 et
1459 2758 1670 2866 sanguine
1708 2756 1864 2840 domini
1895 2757 2024 2838 nostri
2055 2753 2162 2838 ,Iesu
2183 2747 2343 2852 Christi
2352 2787 2361 2814 ·*
2441 2817 2448 2828 -

435 2923 440 2930 -
538 2975 543 2981 ι
668 2883 945 2988 segregatus,
965 2876 1072 2956 iram
1094 2872 1395 2982 omnipotentis
1419 2871 1488 2956 dei
1510 2884 1554 2955 et
1572 2873 1912 2958 maledictionem
1933 2873 2098 2956 ennium
2118 2887 2344 2960 sanctorum

668 2996 877 3098 incurrat,
900 3004 942 3076 et
962 2989 1018 3076 sit
1037 2991 1266 3074 anathema
1301 2992 1572 3091 maranatha,
1606 2998 1768 3075 etcum
1805 2991 1922 3075 ,Iuda
1957 2992 2160 3075 traditore
2193 2994 2238 3074 in
2274 2994 2344 3078 die

668 3113 811 3223 iudicij
847 3114 1086 3221 portionem
1107 3111 1305 3218 accipiat.
1359 3108 1443 3209 Qui
1474 3111 1723 3195 custodierit
1744 3120 1787 3193 et
1807 3111 1876 3192 dei
1898 3108 2125 3193 ecclesiam
2145 3135 2232 3193 non
2252 3141 2345 3198 mo-

667 3230 905 3336 lestauerit,
941 3229 1184 3313 benedictio
1206 3256 1336 3337 quam
1356 3230 1550 3339 promisit
1571 3229 1679 3318 deus
1700 3227 1975 3340 diligentibus
1997 3254 2065 3330 se,
2084 3227 2129 3307 in
2152 3257 2249 3311 eum
2272 3230 2345 3313 de·

670 3348 861 3452 scendet,
885 3358 1046 3431 etcum
1067 3346 1264 3430 fidelibus
1286 3346 1483 3431 omnibus
1520 3347 1652 3430 vitam
1689 3352 1878 3432 eternam
1914 3347 2144 3457 possideat
2190 3346 2341 3433 Amen.
2372 3373 2388 3454 ἢ

669 3466 782 3552 Aeta
800 3475 901 3549 sunt
921 3468 1002 3550 hec
1024 3464 1148 3548 Anno
1169 3465 1482 3549 incarnationis
1505 3461 1663 3549 domini
1682 3464 1759 3550 Ml.
1784 3461 1852 3552 0⁰.
1870 3464 1921 3548 V.
1964 3464 2200 3548 Indictione
2221 3464 2343 3571 XIII,

582 3631 584 3636 v
665 3587 801 3696 ‘pacta
820 3585 886 3668 III
910 3585 1000 3670 sub
1022 3579 1221 3667 Bolezlao
1252 3576 1377 3668 Duce
1398 3584 1443 3664 in
1465 3585 1638 3666 ciuitate
1675 3583 1969 3688 Oracouiensi,
2007 3593 2235 3666 annuente·
2249 3586 2343 3693 ipso

669 3705 795 3787 Duce
816 3712 860 3786 et
879 3703 1096 3812 Episcopo
1117 3700 1329 3802 Radostc,
1367 3729 1511 3792 coram
1532 3702 1612 3810 hijs
1633 3703 1814 3786 testibus
1838 3701 2114 3804 Scarbimiro,
2135 3700 2345 3812 Woynlao
2542 3647 2564 3688 Ι

669 3820 852 3934 Pczb'pc,
867 3820 1054 3920 Andrea,
1078 3818 1209 3903 Sulek
1231 3847 1329 3901 cum
1349 3820 1434 3903 lilio
1455 3819 1648 3905 Martino:
1682 3811 1902 3921 Broudote,
1925 3820 2112 3932 Duspor.

775 3934 1045 4051 Quapropter
1065 3964 1142 4021 nos
1165 3934 1219 4048 (⁸)
1232 3939 1587 4047 predecessorum
1628 3949 1866 4024 nostrorum
1885 3939 2080 4049 vestigijs
2099 3937 2343 4021 inherentes

669 4055 885 4168 prefatum
925 4058 1227 4164 monasterium
1271 4066 1330 4138 et¹
1355 4066 1614 4142 conuentum
1650 4056 1823 4168 speciali
1861 4056 2088 4140 deuotione
2124 4065 2168 4138 et
2202 4058 2342 4167 gratia

668 4173 988 4288 prosequendo,
1018 4174 1275 4274 libertates,·
1290 4176 1582 4284 exceptiones,
1606 4176 1854 4261 donationes
1877 4185 1920 4257 et
1940 4172 2227 4257 immunitates
2248 4176 2342 4256 uni-

669 4323 818 4378 uersas
841 4305 885 4377 et
904 4296 1116 4406 singulas,
1147 4305 1416 4397 memoratas,
1436 4293 1621 4376 indultas
1644 4307 1687 4378 et
1706 4319 1932 4378 concessas
1965 4321 1991 4376 a
2012 4291 2195 4403 glorioso
2218 4281 2342 4402 Rege
2485 4387 2497 4402 ²

625 4407 628 4410 ’
670 4423 713 4493 et
733 4412 921 4524 Regina,
941 4441 1022 4496 nec
1043 4441 1129 4499 non
1152 4411 1332 4496 ducsssus
1368 4409 1546 4522 prefatis
1578 4415 1633 4494 de
1665 4423 1789 4525 grato
1812 4423 1855 4495 et
1875 4411 2087 4496 communi
2130 4435 2342 4493 consensu

671 4532 829 4641 pariter
849 4541 895 4618 ct
924 4557 1104 4616 assensu
1125 4558 1177 4614 ae
1192 4531 1386 4614 ‘unanimi
1422 4540 1522 4616 voto
1558 4530 1812 4627 venerabilis
1847 4530 1980 4641 patris
2015 4528 2189 4612 Domini
2222 4526 2381 4626 Pauli„

774 4748 818 4828 (⁶)
840 4701 1054 4830 Privilegium
1068 4745 1216 4834 Boleslai
1236 4746 1316 4812 dicti
1331 4743 1557 4834 Krzywousty
1572 4748 1606 4814 in
1620 4745 1797 4839 privilegio
1812 4745 1950 4840 Aegidii
1964 4744 2134 4835 incipitur.
2224 4727 2228 4740 Ι

591 4875 594 4882 ,
677 4865 682 4876 «
774 4830 814 4909 (⁷)
835 4829 931 4929 Finis
945 4831 1142 4929 transumpti
1158 4831 1294 4917 Aegidii
1310 4830 1494 4896 cardinalis.

772 4919 815 4999 (⁸)
836 4914 930 4983 Finis
946 4915 1112 5003 prrvrlegri
1128 4915 1355 4982 renovationis
1370 4915 1517 4984 Boleslai
1528 4916 1656 4994 Pudici.
