5409 6309
1057 807 1341 885 -tao-·

287 1025 289 1028 ’
368 1035 415 1097 ro
435 1016 692 1094 memoratus
721 1009 944 1096 Corradus
980 1012 1091 1096 Dux.
1126 1043 1203 1124 pro
1232 1013 1418 1099 remedio
1452 1023 1726 1125 peccatorum
1766 1024 2013 1126 nostrorum,

373 1131 514 1214 domui
536 1130 660 1213 beate
680 1131 854 1242 virginis
876 1131 1006 1217 Marie
1029 1134 1080 1215 de
1103 1133 1368 1247 Starryatlselrp
1391 1129 1683 1220 Oraconiensis
1705 1134 1910 1222 Diocesis.
1938 1137 2016 1224 be·

373 1250 504 1361 nigne
526 1259 567 1332 et
582 1250 806 1335 liberaliter
826 1250 1077 1336 conserimus
1098 1253 1265 1364 plenam
1281 1253 1532 1357 libertatem,
1553 1255 1619 1338 Ita
1640 1261 1688 1335 ut
1708 1282 1851 1339 omnes
1873 1255 2015 1342 Incole

268 1417 272 1424 ·
374 1365 563 1454 villarum
586 1370 641 1452 ad
660 1371 796 1480 ipsam
834 1372 1002 1456 domum
1039 1375 1357 1482 pertinencium.
1399 1401 1477 1456 nec
1514 1399 1654 1458 coram
1690 1371 1896 1460 Pallatino
1918 1377 2015 1490 (sic)

372 1517 452 1572 nee
475 1516 614 1573 coram
639 1489 883 1575 Castellano
903 1519 981 1572 nec
1004 1519 1146 1576 coram
1168 1491 1394 1576 dudioibus
1427 1519 1568 1576 eorum
1605 1493 1783 1575 nitentur
1802 1495 1871 1578 uel
1900 1498 2015 1581 citati

371 1609 668 1717 respondeant.
690 1638 770 1692 nec
793 1608 970 1692 Stratum
1010 1611 1190 1696 soluant.
1221 1637 1364 1720 neque
1395 1612 1450 1695 ad
1469 1610 1634 1695 Bellum
1653 1611 1723 1693 uel
1743 1610 1798 1693 ad
1819 1612 2016 1700 Castrum

234 1729 240 1748 “
373 1728 654 1812 edificandum
673 1730 734 1811 ire
755 1729 1072 1839 compellantur.
1106 1730 1193 1816 Sed
1215 1733 1250 1813 si
1272 1733 1367 1844 quis
1390 1732 1592 1814 aduersus
1624 1757 1695 1813 eos
1725 1731 1908 1842 aliquam
1930 1732 2014 1818 Oa·

371 1876 489 1933 usam
512 1847 720 1951 babuerit,
750 1849 889 1931 littera
911 1846 1060 1959 Sigillo
1082 1860 1222 1934 nostro
1245 1849 1437 1963 Sigillata
1458 1849 1586 1953 citati,
1622 1877 1761 1934 coram
1794 1849 2016 1936 nobis-du-

372 1968 527 2050 dicium
549 1966 688 2051 subire
708 1967 975 2051 tenebuntur.
1009 1966 1318 2061 Confirmamus
1348 1972 1481 2053 eciam
1505 1970 1619 2076 quod
1642 1969 2017 2056 (1001110οΑ0110-

371 2113 419 2168 as
440 2086 678 2195 Episcopus
700 2088 942 2197 sepedictus
963 2115 1061 2171 suas
1082 2092 1272 2200 proprias
1294 2089 1549 2173 hereditates
1573 2086 1625 2171 de
1647 2115 1857 2172 consensu
1880 2100 1922 2173 et
1940 2088 2017 2176 bo·

371 2234 427 2288 na
448 2206 670 2289 uoluntate
690 2204 871 2289 fratrum
883 2233 1066 2289 suornm.
1100 2208 1241 2292 domui
1272 2206 1460 2318 sepefato
1484 2205 1658 2290 contulit
1687 2207 1936 2291 Brernz'cr‘am
1955 2212 2018 2296 vi·

372 2324 525 2407 delicet
545 2326 586 2407 in
607 2323 637 2409 J
641 2355 712 2408 ure
734 2325 1003 2411 Theutunico
1041 2354 1137 2408 cum
1158 2326 1353 2411 Ecclesia
1388 2327 1504 2413 beati
1524 2326 1638 2411 Petri
1660 2334 1703 2409 et
1724 2356 1818 2409 cum
1841 2327 2014 2414 decimis

370 2444 565 2528 omnibus
582 2445 787 2555 adipsum
809 2444 1043 2528 Ecclesiam
1063 2444 1382 2554 pertinentibus.
1420 2475 1516 2529 oum
1552 2443 1641 2532 foro
1668 2445 1798 2530 libero
1830 2459 1872 2531 et
1900 2447 2017 2533 Tha·

372 2562 524 2647 bernis.
541 2565 602 2647 ita
617 2566 734 2677 quod
753 2562 891 2646 nullus
914 2563 1056 2647 dudex
1084 2566 1154 2648 uel
1192 2568 1449 2651 Monetarius
1485 2563 1544 2647 ibi
1583 2564 1784 2650 dominari
1812 2570 1948 2676 possit
1977 2580 2019 2653 et

371 2709 468 2766 cum
491 2682 2020 2797 0000001000(0001000001).(100101010000000111000010000108010,οῒ

370 2800 646 2887 hereditatem
662 2801 880 2911 Vincencij
899 2828 982 2911 que
998 2802 1191 2912 Bochaya
1203 2802 1257 2917 (⁴)
1279 2805 1441 2887 dieitur.
1453 2801 1614 2885 Bireow
1632 2814 1673 2885 et
1695 2802 1949 2890 r'nduloszr’cre
1961 2806 2016 2922 (³)

368 2921 484 3034 quod
513 2923 641 3005 frater
671 2950 773 3005 suus
807 2920 1125 3007 Swantboslaus
1147 2923 1297 3005 habuit
1324 2921 1488 3005 Visaice.
1521 2922 1704 3005 totaliter
1736 2932 1778 3004 et
1810 2926 2018 3037 quicquid

369 3051 736 3125 commutauerunt
755 3069 832 3151 pro
855 3039 1134 3153 Stonyaltelcp.
1158 3044 1309 3125 iterum
1318 3041 1500 3125 reddidit
1512 3040 1654 3123 domui
1663 3039 1954 3127 Dobronovicrc
1975 3054 2018 3128 et

337 3259 339 3263 .
371 3155 684 3243 Credantdovicze
706 3158 760 3272 (⁰)
783 3188 833 3242 ae
858 3158 963 3242 duas
1000 3163 1220 3268 porciones
1258 3160 1366 3245 Salis
1389 3185 1474 3268 que
1495 3189 1522 3244 a
1543 3159 1654 3270 wlgo
1676 3157 1837 3242 Pcorz’nr'
1854 3171 1897 3244 et
1921 3157 2017 3246 Cor·

373 3306 433 3362 oze
454 3289 661 3362 uocantur
685 3280 740 3362 ad
760 3306 962 3390 magnum
986 3277 1138 3362 Salem.
1170 3281 1276 3364 Item
1300 3278 1593 3364 confirmamus
1616 3279 1732 3386 quod
1754 3277 1907 3363 Oomes
1924 3281 2021 3367 Ole-

369 3422 488 3480 mens
511 3397 779 3483 castellanus
791 3395 1085 3482 Oracouiensis
1107 3402 1412 3508 seperecitatus
1430 3399 1483 3481 de
1500 3425 1708 3483 consensu
1727 3395 1902 3481 fratrum
1923 3428 2020 3488 suo·

367 3545 473 3601 rum.
505 3518 761 3603 hereditates
783 3543 883 3598 suas
906 3516 1047 3601 domui
1067 3518 1314 3603 multociens
1337 3520 1461 3602 dicte.
1495 3518 1680 3602 eontulit.
1719 3544 1791 3599 eas
1827 3519 2021 3606 videlicet

370 3665 456 3747 que
477 3647 757 3722 commuttata
799 3648 898 3718 sunt
934 3635 1100 3720 domino
1138 3637 1351 3748 Episcopo
1394 3647 1438 3719 et
1478 3638 1595 3722 alias.
1630 3665 1807 3748 quarum
1847 3642 2019 3723 nomina

370 3757 440 3839 hic
462 3757 559 3869 (sie)
582 3770 691 3840 sunt.
724 3752 891 3838 Smolz'cr'
907 3781 1003 3837 cum
1026 3755 1274 3841 Castoribus
1306 3755 1453 3841 andor
1484 3785 1579 3839 oum
1611 3756 1858 3842 Castoribus
1883 3753 2025 3842 Coatlu'

375 3874 486 3958 Celsa
502 3903 628 3986 super
648 3876 825 3959 fluuium
847 3873 1082 3959 Breniciam
1105 3905 1202 3958 enm
1225 3874 1474 3962 Castoribus
1496 3886 1653 3960 etcum
1676 3873 1916 3959 Tbaberna.
1935 3871 2021 3958 Wi-

374 3997 472 4077 tbow
507 4023 639 4107 prope
663 3994 829 4077 810010(
850 3993 904 4108 (¹)
928 3997 1045 4079 etde
1068 3995 1202 4079 Terra
1223 3997 1280 4078 ad
1299 3996 1449 4107 viginti
1483 3998 1635 4078 Aratra
1664 4022 1822 4107 magna
1844 4022 1928 4107 que
1949 4024 2021 4077 aa·

374 4113 443 4196 rulo
464 4114 517 4228 (⁸)
541 4142 565 4195 a
585 4114 694 4225 wlgo
725 4123 903 4198 uocatur
935 4111 1089 4197 Ostrom
1111 4112 1305 4200 Pedicare
1322 4144 1419 4198 cum
1438 4112 1683 4200 (lectoribus
1707 4142 1834 4227 quam
1855 4116 2022 4223 aceepit

479 4282 516 4361 (⁴)
540 4281 648 4348 Hodie
664 4281 753 4359 urbe,
770 4281 884 4346 circuli
901 4282 949 4345 sui
965 4283 1105 4348 nominis
1121 4296 1230 4372 caput,
1242 4286 1275 4350 in
1288 4283 1438 4362 Gallicis,
1455 4286 1607 4351 Barkaia.

477 4372 518 4445 (⁵)
539 4367 641 4433 Haud
657 4366 756 4431 dnbio
772 4366 904 4431 deberet
921 4387 1003 4430 esse:
1021 4368 1055 4430 in
1073 4368 1253 4457 Dolrszyce.

478 4456 518 4533 (ὅ)
541 4454 635 4518 Hanc
652 4451 760 4515 villam
776 4451 864 4516 nollo
881 4450 978 4515 modo
994 4452 1141 4517 invenire
1158 4477 1344 4542 possumus,
1367 4477 1486 4521 nomen
1514 4464 1702 4542 corruptum
1727 4451 1865 4531 videtur,
1895 4453 2018 4518 namin
2068 4521 2073 4530 ,

374 4545 488 4604 nostra
503 4537 614 4601 tabula
630 4546 757 4601 tantum
773 4536 812 4600 (10
828 4536 882 4600 illa
897 4534 1045 4619 legimus.
1103 4540 1108 4546 ’

478 4621 518 4703 p)
545 4621 657 4696 Witom
667 4635 718 4686 est
748 4618 2029 4711 (0001110110011100100001000100100100100,00010010Ρ1000001000010011010

373 4705 516 4794 ejusdem
532 4706 672 4773 nominis
687 4645 767 4770 villa
781 4705 814 4770 in
830 4703 964 4791 regione
981 4705 1044 4771 sita
1059 4719 1109 4773 est
1125 4708 1321 4787 Leloviensi,
1349 4710 1508 4796 parocbia
1523 4733 1600 4776 vero
1616 4707 1816 4785 Nalrielensi‚
1838 4707 1957 4774 ibidem
1972 4706 2023 4772 lo-

372 4792 564 4859 natumsed
576 4789 697 4856 nullam
712 4814 823 4856 earum
838 4792 903 4857 hnc
919 4790 1099 4879 intelligere
1116 4815 1298 4879 possumus,
1314 4817 1388 4859 nam
1405 4793 1476 4859 urbi
1492 4794 1644 4876 Sieuierz,
1661 4792 1749 4882 apud
1763 4801 1892 4860 nostros
1904 4791 2021 4869 dictae,
2042 4863 2048 4872 .

370 4901 437 4945 non
453 4888 529 4944 sunt
545 4877 705 4990 proxima.

478 4969 515 5047 (⁸)
541 4965 636 5031 boul.
646 4960 836 5028 intabulaa.
850 4965 943 5029 1228.
955 4964 1140 5041 0000010101,
1150 4964 1299 5050 superius
1314 4964 1347 5029 in
1363 4963 1426 5029 hoc
1441 4972 1532 5029 tomo
1547 4987 1624 5054 pag.
1639 4963 1688 5029 15.
1705 4974 1739 5028 et
1752 4962 1786 5028 in
1805 4961 1877 5030 aliis
1890 4961 2022 5032 tabulis.
2139 4962 2143 4975 '

1759 5065 1820 5129 55*
