5409 6309
1074 799 1401 879 ..332..‚

381 1012 519 1094 dictas
539 1015 799 1094 transumere
821 1003 919 1122 (sic)
941 1004 1111 1090 stelias
1131 1006 1290 1093 talibus
1310 1004 1438 1093 modo
1459 1005 1658 1094 otforma
1678 1007 1902 1120 disponere
1919 1011 2038 1121 quod
2171 1010 2175 1023 '
2262 1051 2268 1062 ¹

381 1131 441 1213 eis
463 1132 506 1212 in
527 1128 710 1240 Judicijs
734 1136 916 1212 et'extra
935 1134 1084 1235 posset
1102 1125 1209 1211 fides
1230 1127 1419 1238 plenaria
1441 1126 1634 1212 adhiberi
1662 1129 1728 1214 Ne
1751 1158 1804 1213 ex
1823 1127 2040 1244 frequenti

376 1252 571 1334 mocions
592 1258 668 1332 aut
688 1246 977 1333 ostentaoione
998 1246 1229 1330 litterarum
1250 1247 1491 1333 huiusmodi
1511 1246 1580 1330 uel
1600 1248 1860 1361 originaliter
1878 1252 2039 1361 produ·

379 1372 623 1471 cendarum,
660 1396 840 1481 quarum
874 1393 949 1478 per
967 1366 1064 1452 loca
1099 1365 1390 1451 discriminoso
1409 1368 1453 1450 in
1475 1365 1761 1453 defensionem
1795 1367 2038 1456 libertatum

378 1500 423 1578 et
442 1489 611 1575 durium
630 1489 675 1572 in
696 1486 855 1571 eisdem
892 1485 1200 1595 descriptarum
1234 1486 1564 1597 produccionem
1598 1486 1868 1599 frequencius
1904 1491 2038 1602 exigit
2160 1599 2163 1602 Ι

375 1611 881 1718 nscessitasopportuna,
902 1604 1085 1690 lesuram
1104 1607 1149 1687 in
1165 1604 1308 1717 aliqua
1323 1606 1387 1689 sui
1404 1614 1525 1719 parte
1543 1606 1779 1716 suscipiant
1794 1607 2035 1721 aliqualem.

377 1727 569 1831 Quarum
592 1728 764 1838 quidem
782 1726 1014 1809 litterarum
1036 1725 1365 1836 apostolicarum
1396 1737 1517 1813 tenor
1552 1727 1746 1834 sequitur
1782 1736 1825 1810 et
1846 1737 1911 1812 est
1925 1730 2034 1815 talis.
2096 1817 2102 1833 ,

483 1853 609 1934 1253.
641 1846 922 1932 innocencius
960 1846 1184 1955 episcopus
1229 1873 1379 1928 seruus
1415 1874 1634 1931 seruorum
1674 1847 1743 1930 dei
1776 1847 1955 1934 Dilectis
1991 1850 2034 1932 in

373 1969 544 2057 Christo
580 1966 748 2052 filiabus
784 1962 1013 2049 Abbatisse
1050 1964 1292 2075 Monasterij
1316 1965 1368 2047 de
1392 1963 1598 2048 Stanetecb
1621 1967 1798 2074 eiusque
1817 1967 2033 2054 sororibus

215 2077 221 2088 ’
372 2103 462 2175 tam
481 2085 748 2202 presentibus
772 2112 901 2197 quam
916 2083 1067 2167 intruis
1083 2084 1326 2196 regularem
1346 2084 1480 2170 vitam
1495 2082 1696 2195 professis
1717 2084 1768 2169 In
1782 2095 2034 2197 perpetuam

370 2209 632 2294 memoriam.
664 2204 923 2318 Religiosam
943 2202 1074 2286 vitam
1094 2202 1349 2314 eligentibus
1371 2205 1653 2316 apostolicum
1685 2208 1886 2291 conuenit
1909 2202 2033 2292 ades·

370 2357 418 2414 se
437 2328 668 2440 presidium
689 2354 742 2409 ne
762 2323 845 2409 fort
828 2333 869 2408 te
891 2321 1117 2407 cuiuslibet
1135 2324 1386 2407 temeritatis
1422 2327 1615 2409 incursus
1637 2336 1713 2409 aut
1734 2354 1807 2411 sas
1829 2355 1856 2409 a
1875 2355 2032 2438 propo·

371 2451 452 2532 sito
473 2474 628 2530 renoce
630 2455 743 2528 aut
756 2443 885 2529 robur
908 2441 1025 2552 quod
1045 2442 1158 2528 absit
1178 2472 1300 2527 sacre
1333 2443 1550 2556 religionis
1588 2454 1761 2529 eneruet
1794 2445 1987 2559 Eapropt
1988 2476 2032 2530 er

301 2625 305 2640 .
370 2567 570 2652 dilecte'
559 2595 603 2649 ιιι
645 2563 815 2650 obsisto
842 2563 924 2648 filie
965 2564 1118 2646 uestris
1153 2564 1276 2648 iustis
1310 2564 1672 2675 postulacionibus
1705 2564 1933 2650 elementer
1953 2597 2032 2662 an

366 2688 534 2771 unimus
577 2695 620 2769 et
659 2683 961 2768 Monasterium
999 2682 1051 2763 de
1080 2681 1289 2767 Staseteolt
1325 2682 1622 2770 Cracouiensis
1660 2685 1888 2797 dyocesis
1877 2716 1921 2769 ιιι
1942 2713 2030 2797 quo

368 2806 513 2891 diuino
536 2806 636 2889 estis
659 2804 867 2915 obsequio
887 2801 1131 2911 mancipate
1152 2801 1233 2886 sub
1251 2801 1371 2888 beati
1390 2805 1507 2888 Petri
1528 2813 1570 2886 et
1589 2815 1735 2890 nostra
1754 2808 2027 2916 proteccione

364 2926 620 3034 suscipimus
645 2933 688 3007 et
706 2921 916 3035 presentis
938 2920 1085 3030 scripti
1104 2922 1335 3035 priuilegio
1349 2924 1656 3007 communimus
1678 2923 1928 3032 Inprimis
1895 2927 2028 3033 s1qui·

365 3045 462 3126 dem
482 3052 721 3127 statuentes
740 3049 789 3124 ut
810 3039 911 3124 ordo
933 3039 1193 3123 Monasticus
1216 3045 1291 3153 qui
1311 3042 1549 3125 secundum
1584 3042 1784 3127 deuotam
1804 3042 1922 3128 beati
1942 3041 2027 3127 Be·

363 3162 523 3246 nedicti
542 3161 756 3273 Regulam
777 3162 821 3242 in
842 3157 990 3242 eodem
1012 3158 1269 3247 Monasterio
1299 3161 1518 3245 institutus
1556 3188 1652 3246 esse
1674 3163 1909 3247 dinoscitur
1928 3190 2025 3274 per-

362 3281 502 3392 petuis
523 3280 681 3365 ibidem
704 3277 964 3389 temporibus
985 3278 1279 3364 inuiolabiliter
1300 3281 1550 3367 obseruetur
1569 3281 1771 3367 Pretersa
1793 3309 2025 3392 quascum—
2148 3375 2151 3384 ,

362 3429 449 3513 que
468 3401 759 3512 possessiones
781 3425 1055 3510 quecumque
1089 3396 1204 3484 bona
1237 3401 1351 3485 idem
1386 3399 1690 3486 Monasterium
1724 3402 2025 3514 impresencia·

358 3545 453 3604 rum
473 3522 583 3604 iuste
606 3547 659 3602 ac
680 3517 886 3603 canonice
907 3517 1101 3626 possidet
1121 3528 1195 3601 aut
1215 3520 1448 3605 infuturum
1471 3523 1745 3608 concessione
1774 3521 2023 3633 pontificum

356 3637 588 3750 largicione
609 3639 780 3751 Regum
800 3636 870 3720 uel
889 3636 1132 3745 Principum
1154 3638 1377 3726 oblacione
1397 3639 1586 3723 fidelium
1607 3668 1685 3724 seu
1707 3640 1777 3751 alij
1793 3639 1916 3725 iustis
1930 3668 2022 3725 mo·

359 3759 424 3843 dis
445 3759 679 3870 proficente
698 3753 799 3873 (sic)
822 3756 990 3842 domino
1010 3757 1169 3866 poterit
1184 3760 1361 3871 adipisci
1378 3759 1500 3843 firma
1514 3757 1638 3844 uobis
1654 3768 1699 3843 et
1714 3762 1775 3843 eis
1793 3786 1877 3870 que
1897 3757 2021 3844 uobis

358 3881 621 3963 succeserint
648 3888 693 3962 et
720 3876 882 3962 illibata
901 3887 1182 3986 permaneant
1216 3878 1268 3963 In
1299 3879 1456 3988 quibus
1491 3878 1572 3962 hec
1607 3879 1787 3992 proprijs
1824 3877 2019 3964 duximus

358 3999 632 4108 exprimenda
651 3996 874 4084 vocabulis
896 3995 1036 4082 locum
1058 3998 1196 4106 ipsum
1218 4000 1264 4081 in
1285 4026 1371 4111 quo
1392 3997 1604 4108 prefatum
1625 3999 1929 4084 Monasterium
1953 4007 2017 4081 est

356 4144 454 4199 cum
476 4117 670 4202 omnibus
693 4113 964 4228 pertinencijs
986 4117 1087 4224 suis,
1109 4114 1251 4202 villam
1275 4147 1360 4230 que
1381 4117 1511 4229 vulgo
1535 4120 1689 4206 dicitur
1710 4117 1899 4231 Lopeslsc
1920 4145 2018 4200 cum

353 4232 473 4321 fonte
507 4236 605 4320 salis
636 4244 680 4319 et
698 4233 894 4321 omnibus
930 4235 1199 4343 pertinencijs
1236 4239 1324 4322 suis
1358 4236 1514 4324 Villam
1550 4236 1764 4322 Bresm'eis
1783 4236 2017 4349 vulgariter

352 4366 643 4465 nuncupatam
666 4383 763 4438 eum
784 4352 967 4437 ecelesia
1000 4361 1043 4433 et
1073 4355 1268 4439 omnibus
1305 4358 1577 4472 pertinencijs
1609 4357 1709 4462 suis,
1745 4356 1901 4440 Villam
1930 4383 2015 4467 que

350 4483 529 4560 vocatur
547 4471 767 4558 Podlosclre
788 4471 843 4587 (⁸)
861 4500 957 4554 cum
973 4472 1166 4558 omnibus
1181 4478 1452 4588 pertinencijs
1474 4478 1561 4559 suis
1582 4475 1713 4560 Villae
1735 4471 1892 4560 Zadreec
1912 4476 2015 4558 Tro·

346 4593 456 4706 pisso
490 4593 761 4703 Premenzouy
800 4590 953 4676 Ostrow
993 4586 1159 4673 Clemtoa
1197 4591 1252 4707 (ι)
1295 4593 1487 4679 Smolinzi
1517 4593 1639 4679 Zator
1678 4592 1920 4704 Gradissyee
1957 4591 2011 4709 (⁴)

453 4815 495 4897 (²)
520 4810 663 4891 Pedieis
709 4810 902 4893 (⁸ia)Klme
904 4822 971 4876 tow.

454 4899 493 4981 (⁴)
518 4898 555 4964 ln
572 4898 708 4995 antiquo
738 4894 986 4963 Oswiecimen
960 4917 989 4960 ιι
1017 4904 1050 4959 et
1072 4896 1097 4960 Z
1100 4894 1258 4962 atorieusi
1285 4895 1408 4968 ducatu
1434 4897 1512 4963 villa
1542 4897 1731 4990 Grubympcs
1759 4896 1848 4986 apud
1877 4893 2012 4965 flurium

352 4983 536 5053 Sknwam
527 4982 701 5061 rnrenitur;
718 4983 859 5048 sonasse
875 4979 914 5047 de
930 4979 985 5046 illa
999 4979 1063 5046 hnc
1079 4980 1212 5047 mentio.
