5409 6309
1287 835 1625 940 ³„rn-

657 1033 760 1126 mite
795 1042 964 1128 Jacobo
995 1037 1225 1121 castellano
1249 985 1301 1126 rie
1323 1031 1551 1147 Woijnijcn
1573 1045 1617 1119 et
1637 1011 1731 1144 tlijs
1746 999 1897 1147 ⁸quarn
1915 1037 2118 1146 plurimis.
2170 1039 2332 1130 Datum

658 1175 735 1270 per
755 1188 926 1244 manum
950 1157 1109 1241 domini
1128 1154 1330 1238 Fulconis
1351 1155 1601 1276 cancellarij'
1615 1155 1752 1238 nostri
1772 1153 2009 1270 supradicti
2032 1152 2102 1271 (³).
2309 1173 2314 1184 ·

681 1408 691 1424 ’
763 1391 806 1472 (³)
826 1390 880 1456 Ex
909 1395 1118 1472 transumpto
1156 1385 1361 1474 sigismundi
1389 1385 1479 1474 regis
1505 1386 1541 1452 in
1569 1407 1637 1472 quo
1658 1384 1724 1452 boc
1750 1384 1851 1471 privil
1908 1411 1962 1452 um
1990 1387 2136 1469 Boleslai
2151 1388 2330 1468 invenitur,

658 1476 755 1541 finem
782 1482 911 1539 tantum
923 1474 959 1537 in
972 1481 1052 1538 note
1081 1471 1145 1536 huc
1177 1470 1342 1556 ponimus.
1379 1470 1435 1538 Ab
1451 1470 1516 1536 hoc
1541 1471 1619 1537 loco
1642 1471 1754 1556 itaque
1780 1409 1976 1538 cauillans
2003 1470 2103 1560 Regis
2127 1471 2330 1562 sigismundi

659 1558 786 1626 scribit:
812 1555 966 1642 „Quibus
982 1556 1115 1640 quidem
1131 1553 1436 1640 supplicacionibus
1457 1564 1614 1638 tunquam
1638 1557 1738 1641 justis
1762 1564 1795 1621 et
1809 1556 1937 1621 racioni
1952 1557 2116 1623 consonis
2139 1558 2220 1624 beni
2267 1558 2332 1624 iter

658 1651 853 1725 annuentes,
867 1640 1046 1740 priuilegia
1060 1649 1094 1705 et
1108 1638 1221 1704 literas
1235 1640 1442 1724 preinsertas
1457 1639 1492 1703 in
1507 1639 1659 1705 omnibus
1675 1660 1787 1704 earum
1797 1641 1933 1725 punctis
1955 1640 2122 1724 clausulis,
2150 1664 2219 1707 oon
2247 1643 2329 1708 'cio-

658 1728 756 1796 nibus
773 1736 806 1792 et
821 1726 968 1804 articulis
983 1734 1074 1790 ratas
1089 1732 1124 1789 et
1135 1733 1248 1810 gratas
1262 1723 1436 1807 habentes,
1453 1723 1495 1789 de
1510 1733 1604 1792 oerta
1633 1723 1783 1790 sciencia
1796 1735 1830 1790 et
1843 1724 2041 1791 liberalitate
2070 1726 2196 1793 nostris
2224 1726 2328 1814 regijs

658 1834 696 1877 ao
712 1811 977 1876 consiliariorum
993 1817 1183 1873 nostrorum
1200 1806 1340 1873 consilio
1356 1807 1574 1892 innovandas,
1604 1807 1837 1898 approbandas
1852 1809 2063 1876 ratiticaudas
2080 1818 2113 1875 et
2128 1808 2327 1875 confirman-

659 1895 718 1961 das
734 1894 897 1975 duximus,
912 1897 946 1959 in
961 1892 1025 1978 hijs
1040 1891 1228 1977 presertim,
1244 1891 1278 1956 in
1295 1912 1437 1974 quorum
1464 1893 1682 1978 possessione
1709 1902 1742 1958 et
1756 1894 1929 1959 usufructu
1959 1894 2107 1979 prefatus
2135 1917 2195 1980 pre
2220 1895 2329 1960 ositus

659 2001 733 2046 oum
748 2001 809 2047 suo
823 1986 991 2045 conventu
1004 1977 1039 2044 in
1052 1976 1214 2044 hactenus
1229 1976 1377 2054 *firerunt
1395 1985 1430 2042 et
1444 1976 1577 2044 realiter
1607 1978 1762 2046 existunt
1785 1978 2064 2062 innovamusque,
2075 1987 2080 1994 '
2090 2001 2197 2064 nppro
2274 2000 2328 2060 us,

602 2131 605 2136 ,
658 2064 855 2130 ratificamus
872 2073 905 2128 et
918 2062 1151 2130 confirmamus
1164 2059 1391 2147 presentibus,
1421 2059 1639 2130 decernentes
1658 2062 1822 2145 ejusmodi
1848 2063 1966 2149 priuile
1992 2063 2025 2127 ia
2039 2075 2073 2130 et
2086 2063 2199 2128 literas
2225 2062 2328 2128 robur
2384 2127 2387 2134 ,

657 2157 820 2298 ἱξῳεῐιιο
840 2146 1002 2246 firmitatis
1020 2144 1325 2294 ⁰l'lineie’.[l,¹¹slb⁰⁸
1341 2154 1450 2293 tpmeu
1466 2146 1591 2213 nostris
1603 2146 1771 2295 rpgalibus
1788 2169 1919 2297 spmper
1935 2171 1950 2214 s
1985 2148 2035 2213 uis
2048 2143 2341 2301 permanepptibus.·'

657 2234 1807 2406 n⁰tlltzlll⁶tlllll³llltllntlttlnt‘tlbllllll
1821 2233 2327 2402 slblllntlulnglt:

656 2400 775 2466 tesimo
809 2400 950 2465 decimo.
994 2396 1100 2485 Regni
1128 2421 1209 2466 vero
1237 2400 1345 2464 nostri
1368 2421 1455 2463 anno
1486 2407 1615 2482 quarto.
1661 2397 1874 2466 Presentibus
1904 2401 2098 2468 reuerendis
2126 2401 2160 2465 in
2190 2397 2326 2468 Christo

656 2484 807 2570 patribus
824 2483 968 2549 dominis
982 2484 1113 2550 Joanne
1129 2483 1236 2549 electo
1253 2492 1287 2548 et
1302 2483 1499 2550 confirmato
1529 2482 1670 2550 ecclesie
1700 2485 1898 2571 gnesnensis
1915 2495 1949 2551 et
1963 2485 2174 2562 cancellario,
2196 2485 2327 2551 loanno

658 2568 895 2650 cracouiensis,
920 2566 1049 2636 Mathia
1076 2567 1316 2666 premisliensis
1345 2567 1562 2635 ecclesiarum
1581 2567 1753 2656 episcopis
1775 2579 1809 2635 et
1824 2569 2103 2638 vicecancellario
2127 2569 2235 2656 Regni
2262 2591 2328 2638 no·

660 2652 732 2734 stri,
746 2674 810 2718 nec
837 2675 906 2717 non
919 2651 1118 2751 Magnificus,
1134 2651 1379 2718 venerabilibus
1395 2663 1430 2718 et
1445 2652 1619 2739 generosis
1644 2651 1784 2723 Nicolao
1808 2652 1851 2719 de
1866 2653 2097 2742 Oamyenyecz
2117 2653 2272 2754 palatino
2295 2661 2329 2722 et

657 2739 832 2822 capitaneo
848 2735 1404 2822 cracouiensr,campiductoreque
1415 2735 1573 2824 generali,
1582 2736 1712 2804 Jacobo
1729 2737 1769 2802 de
1783 2737 1953 2823 Syekluka
1966 2737 2211 2824 Woynicreusi,
2223 2736 2325 2803 Nico·
2397 2813 2406 2828 ¹
2432 2767 2437 2772 ·

656 2818 710 2892 luo
725 2821 768 2888 de
785 2819 1026 2906 Schidlovyecz
1041 2820 1257 2887 Radomiensi
1271 2821 1473 2903 castellanis,
1497 2819 1664 2888 Stanislao
1678 2821 1721 2888 rie
1738 2821 1895 2890 Chodeor
1916 2822 2089 2901 mameluc,
2117 2822 2263 2894 Andrea
2281 2821 2325 2888 de

626 2902 883 3003 'Cosczyelecz
911 2903 1119 2971 thezaurario
1147 2902 1252 3003 Regni
1277 2907 1386 2974 nostri
1401 2905 1619 2991 Scepusieusi
1648 2905 1921 2992 Ossvyacirnensi
1943 2904 2279 2974 Juniwladislauiensi
2293 2914 2354 2972 ct‘
2453 2931 2459 2938 ·

657 2986 887 3076 Bidgostrensi
902 2985 1088 3077 capitaneo,
1103 3009 1331 3076 zupparioque
1347 3012 1387 3055 ac
1402 2995 1622 3075 procuratore
1651 2990 1799 3077 generali
1812 3002 1929 3056 nostro
1947 2991 2168 3073 cracouiensi,
2193 2989 2324 3058 Joanne
2413 3050 2420 3058 .

617 3147 625 3157 ⁶
657 3072 806 3139 Latulski
827 3076 1037 3160 gnesnensis,
1060 3075 1287 3141 oraeouiensis
1303 3084 1337 3140 et
1350 3073 1562 3141 lanciciensis
1578 3072 1794 3141 ecclesiarum
1807 3077 1995 3162 preposito,
2009 3076 2044 3143 δ’
2070 3075 2222 3144 'smundo
2237 3074 2322 3140 Tar·

656 3157 823 3243 goniczkij
840 3158 1050 3226 decretorum
1067 3158 1207 3226 doctore
1224 3160 1376 3242 custode,
1389 3158 1522 3226 «Ioanne
1536 3157 1761 3226 Karnkowski
1775 3160 1956 3228 scolastico
1973 3183 2033 3230 sau
2056 3159 2237 3239 omiriensi,
2264 3180 2329 3224 ca·

656 3242 786 3318 punicis
801 3243 1082 3325 oracouiensibus,
1102 3243 1269 3312 Stanislw
1285 3242 1455 3313 Goreozki
1471 3243 1645 3330 preposito
1660 3242 1847 3311 culissiensi
1876 3245 2066 3332 secretarijs
2088 3244 2224 3327 nostris,
2247 3244 2326 3311 Sta·

655 3321 761 3391 nislao
777 3325 983 3416 Chroberskj
999 3326 1192 3429 vexilifero,
1204 3327 1349 3395 incisore
1362 3338 1396 3394 ct
1410 3328 1646 3428 suppincerna,
1657 3325 1797 3395 Nicolao
1814 3329 2174 3415 Ocryeski·capitaueo
2190 3339 2326 3394 costen·

541 3447 546 3454 -
657 3410 909 3497 sietmagistro
924 3435 1108 3501 agasonum
1123 3435 1214 3479 curre
1233 3421 1360 3493 nostre,
1389 3419 1576 3496 ceterisque
1602 3413 1801 3562 diffiniturijs,
1829 3414 2089 3482 officialibuszet
2115 3412 2326 3488 curiensibus

552 3563 563 3576 ,
656 3494 782 3560 nostris
807 3495 950 3566 testibus
963 3496 1183 3582 adpremissa
1196 3497 1261 3564 fide
1277 3497 1400 3584 dignis,
1426 3498 1555 3564 sincere
1571 3498 1640 3565 etfi
1664 3497 1770 3566 elibus
1785 3500 1912 3565 nostris
1935 3498 2077 3566 dilectis.
2113 3498 2237 3566 Datum
2261 3518 2324 3582 per

656 3600 771 3678 manus
794 3579 915 3678 prefati
929 3580 1106 3680 reuerendi
1122 3582 1157 3646 in
1172 3580 1306 3680 Christo
1321 3581 1568 3680 patris-domini
1577 3579 1708 3681 Mathia
1729 3579 1894 3682 Episcopi
1908 3580 2147 3680 premisliepsis
2172 3589 2205 3646 et
2220 3577 2325 3731 Repo}

656 3671 765 3729 nostri
778 3663 1054 3748 vicecancellarlj,
1071 3687 1200 3731 sincere
1215 3664 1312 3732 nobis
1328 3665 1451 3731 dilecti.
1472 3665 1609 3732 Relacro
1629 3665 1787 3751 ejusdem,
1803 3687 1845 3732 ou
1858 3688 1898 3731 us
1914 3687 2023 3766 supra
2045 3664 2176 3731 scilicet
2204 3687 2263 3751 pre

656 3746 844 3898 Bffirierpdi
871 3749 907 3814 in
926 3748 1065 3816 Christo
1094 3751 1200 3836 patris
1222 3749 1350 3816 domini
1378 3750 1503 3838 Muthis
1535 3750 1699 3836 Episcopi
1728 3687 1973 3820 Premillienss
1992 3759 2025 3818 et
2048 3751 2086 3824 R·
2101 3748 2137 3816 P.
2153 3750 2226 3818 viee
2243 3769 2322 3818 can-

657 3852 676 3898 c
772 3855 792 3898 ι.
1992 3867 1997 3876 ·
