5409 6309
1413 833 1458 847 -
1512 791 1586 867 388
1621 830 1684 848 --

853 1409 1326 1574 decime-ure
1351 1458 1551 1544 mma
1575 1454 1652 1545 aa
1678 1431 2043 1542 maternas
2071 1477 2238 1548 mco.
2302 1525 2305 1528 .

716 1645 1224 1790 immedicabilium
1251 1629 1567 1770 merliniirirocaniii
1592 1677 1674 1752 n-ti
1700 1678 1886 1776 monsterio
1916 1679 2121 1774 Stenarum
2149 1641 2376 1766 aromatum,
2447 1789 2450 1792 Δ

893 1769 943 1932 „¹
1017 1795 1030 1808 ··
1091 1786 1264 1894 cronno
1280 1782 1318 1855 da
1335 1779 1475 1853 orosae
1488 1783 1627 1876 epitrope
1643 1781 1829 1855 tribdvltnal
1843 1781 1928 1854 latit
1939 1783 1990 1865 (¹l·
2062 1871 2082 1899 .,
2181 1883 2186 1888 ,

818 1992 913 2078 Nos
929 1993 1142 2108 Sbign‘ens
1166 1993 1311 2077 diuina
1335 2001 1384 2075 *et
1404 1994 1636 2103 apostolice
1671 1992 1783 2075 sedis
1819 1988 2094 2101 prouidencia
2128 1989 2366 2100 Episcopus

713 2112 1333 2226 OracouiensisfSig'nificamus
1354 2122 1504 2196 tenore
1523 2112 1813 2224 presencium·
1825 2108 1981 2222 quibus
2004 2109 2175 2222 expedit
2196 2111 2366 2193 uniuei-

597 2279 604 2296 ι
713 2236 769 2316 sis
790 2234 1055 2348 presentibus
1092 2242 1135 2318 et
1169 2231 1320 2315 futuris
1340 2234 1609 2345 presencium
1638 2231 1841 2317 noticiam
1875 2229 2099 2314 habituris:
2124 2225 2367 2341 *Quomodo

678 2391 682 2399 ’
713 2353 769 2436 ad
790 2353 1210 2436 contremescentem
1231 2352 1498 2463 'presenciam
1524 2350 1744 2464 Religiopa
1763 2376 1880 2434 soror
1899 2348 2144 2462 Margareta
2164 2348 2368 2434 Abbatis·

710 2500 759 2555 sa
781 2498 879 2556 cum
899 2473 1111 2556 soreiibt'rs
1134 2471 1383 2557 Conuentus
1407 2469 1800 2556 Sanetimonialium
1820 2467 2065 2579 Monasterij
2084 2471 2129 2551 in
2150 2465 2366 2578 Stanatlrby

708 2590 789 2673 sub
810 2590 959 2702 regula
981 2589 1121 2675 sancti
1139 2590 1364 2674 Benedicti
1379 2600 1520 2681 nostre
1544 2591 1739 2700 dyocesis
1776 2589 1928 2674 obtulit
1949 2615 2094 2674 coram
2114 2587 2238 2674 nobis
2257 2588 2370 2671 litte-

709 2737 779 2793 ras
810 2712 1064 2797 sanctissimi
1098 2713 1140 2792 in
1178 2709 1348 2795 Christo
1380 2713 1518 2820 'patris
1555 2720 1600 2793 et
1634 2710 1790 2794 domini
1827 2708 1984 2792 domini
2014 2708 2243 2819 Irmoccnctj
2274 2720 2366 2788 tanc

702 2855 807 2939 pape
829 2833 969 2939 quarti
987 2832 1032 2913 in
1051 2857 1312 2942 pergameno
1334 2832 1514 2941 scriptas
1538 2832 1627 2914 eius
1648 2857 1750 2914 vera
1770 2827 1886 2910 bulla
1905 2826 2106 2938 plumbea
2125 2828 2171 2909 in
2190 2826 2270 2909 iilis
2290 2854 2364 2910 ru·

704 2946 775 3031 bai
795 2958 839 3032 et
859 2949 1001 3061 glauci
1022 2952 1207 3035 colorum
1230 2948 1568 3061 dependentibus
1591 2937 1809 3061 sigillatas.
1840 2946 2127 3056 Manibusque
2143 2946 2361 3029 Reueren-
2383 3021 2387 3030 .

704 3067 851 3152 dorum
871 3079 1039 3181 patrum
1062 3069 1267 3180 Stephani
1287 3080 1434 3154 sancte
1456 3069 1587 3154 Marie
1606 3080 1723 3152 trans
1746 3067 2103 3176 Thibarinitytuli
2118 3064 2361 3180 Calixilsic)

700 3187 933 3294 presbiteri,
953 3186 1092 3273 fratris
1115 3189 1146 3273 J
1148 3190 1325 3275 ohannis
1346 3191 1472 3300 tytuli
1491 3191 1628 3274 sancti
1649 3187 1875 3296 Laurencij
1899 3187 1943 3268 in
1963 3186 2130 3270 Lucina
2150 3186 2361 3297 presbite-

702 3307 750 3408 ri,
771 3305 966 3393 Ramaldi
987 3307 1196 3393 Ostiensis
1228 3318 1270 3392 et
1299 3306 1570 3394 Belletrensis
1609 3308 1809 3419 episcopi,
1845 3305 2004 3393 Jacobi
2039 3302 2285 3390 Portuensis
2319 3314 2362 3389 et

603 3531 613 3548 ,
699 3434 848 3509 sancte
868 3428 1022 3513 Rufine
1049 3429 1264 3540 Episcopi,
1302 3425 1512 3538 Stephani
1546 3429 1784 3513 Prenestini
1818 3426 2033 3536 Episcopi,
2071 3425 2187 3509 Petri
2222 3426 2358 3509 sancti

700 3542 874 3658 Georgij
897 3548 953 3630 ad
974 3548 1113 3633 velum
1135 3545 1310 3631 aureum
1330 3547 1540 3659 Dyaconi,
1561 3546 1592 3631 J
1595 3548 1772 3632 ohannis
1793 3547 1930 3630 saneti
1948 3544 2114 3631 Nicolai
2133 3546 2176 3627 in
2198 3545 2355 3631 Carce-

698 3693 742 3747 re
779 3665 978 3751 Tulliano
1016 3668 1210 3776 dyaconi,
1247 3665 1449 3752 Willermi
1485 3668 1623 3752 sancti
1658 3665 1879 3775 Eustachij
1919 3665 2111 3777 dyaconi,
2149 3662 2354 3750 Ottoboni

597 3786 601 3794 ’
700 3787 835 3867 sancti
856 3785 1030 3890 Adriani
1063 3785 1255 3895 dyaconi,
1291 3797 1393 3871 tunc
1428 3798 1575 3872 sancte
1610 3785 1800 3873 Romane
1836 3784 2034 3870 Ecclesia.
2067 3784 2356 3871 Cardinalium

700 3930 962 3988 cumeorum
998 3907 1130 4017 signis
1168 3907 1385 3992 denotatis
1421 3903 1698 4017 subscriptas.
1732 3933 1875 3990 sanas.
1918 3903 2072 3989 saluas.
2103 3914 2147 3989 et
2163 3907 2356 4022 integras

697 4023 895 4130 omnique
917 4035 1087 4134 prorsus
1108 4026 1218 4111 vicio
1232 4031 1284 4108 'et
1304 4027 1545 4138 suspicione
1578 4031 1769 4110 carentes
1793 4036 1836 4110 et
1854 4026 2054 4136 produxit
2084 4034 2230 4109 tenore
2253 4023 2357 4110 sub·

549 4143 554 4156 “
697 4143 896 4252 sequenti
915 4152 1066 4252 petens
1088 4173 1184 4229 cum
1208 4148 1442 4232 deuocione
1465 4147 1780 4257 ac'sirpplicans
1817 4155 2031 4259 quatenus
2061 4145 2225 4228 litteras
2256 4165 2355 4254 ‘pre-

688 4408 690 4410 ·
802 4381 851 4477 (¹).
863 4378 1052 4530 Episcopus
1066 4380 1526 4482 οτᾳορξίευείςᾋῖὃ-Ῑιίῦὀ,
1550 4392 1667 4471 postea
1692 4390 1827 4449 sanotae
1849 4380 2010 4449 eeclesiae
2025 4380 2195 4448 Romanae
2220 4377 2357 4468 presby·

696 4476 746 4531 ter
761 4463 896 4533 cardina
908 4487 949 4543 rs,
964 4489 1016 4531 vrr
1031 4488 1163 4532 maxrmr
1178 4487 1311 4551 mgenra
1555 4531 1559 4548 ,

798 4549 958 4617 Tabulam
971 4550 1193 4617 authenticam
1207 4552 1242 4616 in
1256 4552 1405 4619 Archino
1419 4551 1608 4620 monasterii
1618 4552 1855 4633 Staniatcensis
1872 4559 2085 4629 asservatam,
2092 4548 2271 4636 descripsit
2282 4548 2359 4617 sla·

697 4635 824 4702 wirislri.
855 4635 919 4700 Fili
934 4636 1052 4703 sericei
1066 4635 1153 4722 nigri
1168 4644 1202 4701 et
1218 4635 1309 4701 rubri
1334 4636 1468 4706 coloris.
1507 4636 1657 4726 Sigillum
1691 4639 1797 4705 minus
1827 4660 1868 4703 ex
1895 4659 1971 4704 cera
1996 4634 2137 4723 vulgari,
2166 4637 2360 4723 episcopum

694 4722 729 4786 in
739 4719 983 4806 pontificalibus
998 4730 1261 4817 repraesentans.
1287 4721 1424 4790 Scutum
1439 4722 1573 4812 longum
1588 4745 1608 4787 a
1622 4735 1756 4812 pectore
1773 4741 1875 4808 usque
1891 4722 1933 4788 ad
1947 4721 2048 4809 pedes
2064 4720 2226 4808 episcopi,
2242 4719 2277 4786 iu
2291 4737 2357 4868 (pus

692 4808 820 4893 effigies
833 4806 1092 4892 magnaecrucis
1115 4822 1269 4876 cernitur.
1291 4806 1417 4894 Magna
1431 4805 1515 4878 haec
1531 4831 1622 4887 crux,
1637 4809 1699 4875 insi
1746 4819 1830 4876 eest
1843 4807 2012 4884 nobilium,
2026 4805 2204 4873 haeredum
2217 4803 2304 4871 deO
2336 4841 2352 4856 ·

695 4895 797 4976 s'nica,
812 4900 846 4956 et
870 4890 1023 4976 polonice
1038 4891 1145 4968 Debeo
1161 4888 1372 4980 appellatum.
1413 4894 1450 4961 ln
1480 4894 1604 4960 ambitu
1633 4894 1697 4982 sigi
1722 4892 1940 4979 iinscriptic:
1958 4892 2137 4982 Capitulum
2150 4890 2356 4958 θναεουὶωει.

693 4980 838 5046 Litterae
856 4976 1039 5042 innocentii
1054 4975 1101 5046 IV
1116 4999 1222 5066 papae
1233 4978 1268 5041 in
1278 4986 1486 5067 transumpto
1507 4978 1645 5066 Zbiguei
1668 4980 1840 5078 episcopi..
2075 4974 2082 4986 '
