5409 6309
1320 776 1582 870 “⁰⁶

1154 1340 1313 1423 Anno
1338 1338 1483 1425 1166
1508 1331 1601 1421 vet
1626 1336 1783 1462 1161.
1806 1437 1808 1442 ,
1928 1349 1933 1361 ·

588 1506 598 1517 ’
631 1535 865 1610 alumnos
886 1497 1134 1618 nanneno
1155 1523 1340 1598 61111οωί1
1365 1525 1399 1596 ct
1424 1522 1524 1600 sora
1548 1523 1712 1613 spirutu
1737 1523 1949 1598 treunam
1960 1524 2097 1602 tumr
2115 1533 2302 1610 numiui·
2345 1580 2350 1589 .

862 1643 867 1655 ·
1155 1608 1564 1701 Jedrzejovlcnsl
1582 1607 1698 1680 unu
1719 1612 1774 1694 (¹).
2174 1682 2177 1687 ,

735 1791 787 1874 In
818 1789 988 1874 nomina
1024 1783 1182 1868 domini
1213 1808 1351 1864 amen.
1404 1781 1476 1878 Ad
1506 1792 1757 1891 perpetuam
1789 1784 1851 1866 rei
1880 1785 2138 1882 memoriam.
2191 1788 2301 1873 (lum

635 1921 803 2018 tempus
824 1907 934 1989 edax
953 1929 1092 1986 rerum
1114 1927 1259 1984 omnes
1282 1910 1404 1982 actus
1425 1901 1633 1985 humanos
1666 1897 1809 1983 trahat
1829 1905 2039 1986 continue
2059 1905 2103 1986 in
2124 1904 2303 1993 oblivio·
2369 1900 2371 1902 ’

635 2051 734 2109 nem
754 2025 834 2107 nisi
853 2026 1067 2106 literarum
1090 2017 1232 2129 officio
1256 2031 1403 2103 eorum
1422 2022 1624 2104 memorie
1653 2017 1908 2103 consulatur.
1945 2019 2047 2106 Nos
2064 2021 2303 2132 sigismun-
2325 2019 2330 2031 χ
2425 2033 2431 2040 ’

637 2141 715 2229 dus
736 2143 820 2224 Dei
840 2143 989 2252 gracia
1010 2148 1090 2221 etc.
1114 2165 1193 2220 nec
1214 2163 1301 2221 non
1330 2145 1536 2220 terrarum
1560 2148 1640 2221 etc.
1664 2138 1860 2244 dominus
1883 2149 1926 2220 et
1945 2139 2082 2223 heres.
2127 2140 2302 2251 signifi-

636 2277 781 2345 camus
801 2270 949 2344 tenore
970 2255 1239 2368 presencium
1260 2263 1346 2364 etc„
1386 2251 1499 2354 Quia
1530 2251 1794 2342 Venerabilis
1824 2255 2025 2340 Albertus
2058 2259 2111 2342 de
2142 2255 2302 2362 oloda-

634 2407 710 2483 rra,
740 2375 892 2461 Abbas
913 2372 1156 2482 monasterij
1178 2371 1545 2468 Andrzeom'ensis
1568 2373 1757 2457 exhibuit
1778 2401 1922 2458 coram
1942 2375 2065 2461 nobis
2084 2375 2219 2459 binas
2240 2381 2305 2461 in-

634 2498 885 2604 frascriptos
900 2494 1043 2577 literas
1065 2491 1214 2574 ambas
1234 2518 1322 2574 una
1344 2492 1553 2582 duntaxat
1571 2492 1680 2600 pelle
1702 2492 1960 2601 complexas.
1984 2494 2136 2578 alteras
2167 2487 2303 2581 docn-

490 2695 493 2699 Α
636 2617 701 2697 nis
722 2611 1048 2722 Archiepiscopi
1069 2609 1344 2697 Gnesncnsis.
1368 2606 1523 2693 alteras
1542 2637 1645 2695 vero
1667 2609 1884 2697 (ledeonis
1915 2607 2123 2721 Episcopi
2144 2611 2305 2701 Oraco·

547 2782 549 2787 ·
636 2733 806 2816 niensis.
829 2730 975 2840 sigillis
995 2731 1159 2812 illorum
1181 2728 1383 2838 appensis
1406 2729 1672 2838 obsignatas.
1695 2726 1960 2836 superbona
1983 2740 2026 2813 et
2047 2732 2234 2815 decimas
2256 2734 2303 2816 in

639 2851 701 2932 eis
723 2848 957 2957 descriptas
981 2849 1127 2930 editas.
1150 2849 1335 2956 priscam
1356 2845 1469 2929 illam
1490 2845 1620 2929 fidem
1641 2856 1685 2930 et
1704 2846 2017 2955 simplicitatem
2035 2876 2113 2957 per
2134 2850 2217 2934 hoc
2237 2839 2306 2938 re·
2489 2937 2494 2946 ,

636 2966 837 3050 ferentes.
859 2967 979 3077 quod
998 2968 1043 3048 in
1064 2967 1221 3048 neutris
1241 2964 1407 3050 illarum
1428 2974 1598 3073 tempus
1620 2993 1707 3076 quo
1732 2966 1844 3046 edite
1876 2976 1976 3053 sunt
2004 2966 2083 3050 fuit
2114 2969 2304 3078 adscrip·
2352 2967 2357 2978 '

635 3094 740 3169 tum.
769 3082 1137 3196 'Supplioavitque
1156 3085 1280 3171 nobis
1306 3082 1580 3168 idemabbas.
1602 3094 1652 3166 ut
1672 3110 1745 3166 eas
1775 3085 1992 3168 imrovare.
2026 3088 2309 3174 auctoritato·

527 3281 534 3289 .
639 3227 723 3314 que
744 3212 901 3290 nostra,
912 3201 1052 3313 Regia
1073 3203 1338 3287 confirmare.
1372 3230 1422 3285 ac
1455 3202 1535 3285 sub
1568 3202 1705 3313 sigillo
1726 3210 1874 3286 nostro
1897 3204 1998 3286 dare
2019 3204 2310 3314 dignaremun

639 3318 830 3420 Quarum
851 3321 1024 3431 quidem
1043 3321 1258 3405 literarum
1280 3330 1452 3406 tenores
1473 3321 1544 3401 hic
1565 3327 1804 3430 sequuntur
1826 3330 1870 3401 et
1890 3329 1991 3401 sunt
2009 3321 2130 3402 tales.

802 3439 854 3522 In
893 3440 1065 3523 nomine
1106 3433 1277 3525 domini.
1320 3440 1419 3548 Ego
1458 3434 1489 3519 J
1491 3463 1649 3521 oannes
1685 3435 2047 3543 Archiepiscopus
2080 3433 2307 3520 Gnesncn-
2339 3463 2344 3470 ·

698 3557 768 3666 sis.
785 3556 947 3644 Notum
965 3557 1079 3644 facio
1099 3554 1370 3666 presentibus
1391 3563 1436 3635 et
1454 3553 1648 3661 posteris.
1670 3580 1741 3633 me
1763 3552 1931 3632 dedisse
1952 3551 2146 3635 Ecclesia
2168 3556 2305 3635 sancti

557 3733 560 3748 ·
662 3759 666 3770 s
697 3675 918 3761 Adalberti
945 3679 991 3759 in
1011 3675 1209 3757 Andreow
1231 3676 1275 3753 in
1306 3671 1637 3756 consecracione
1659 3667 1850 3749 eiusdem
1869 3667 2075 3752 Ecclesie.
2099 3671 2306 3755 decimam

696 3794 1015 3906 quinquaginta
1037 3800 1285 3875 aratrorum.
1317 3815 1447 3900 quam
1468 3798 1621 3894 postea
1642 3785 1859 3897 assignavi
1880 3788 1923 3868 in
1943 3786 2049 3870 villis
2079 3788 2171 3872 iliis
2202 3799 2307 3873 tunc

739 4041 783 4122 (¹)
802 4040 833 4106 Ε
848 4038 1007 4105 fasciculo
1022 4037 1193 4122 copiarum
1203 4035 1249 4101 ill.
1261 4037 1388 4103 Leonis
1403 4037 1451 4102 lu
1476 4035 1668 4102 szczewscii
1690 4060 1707 4103 e
1725 4035 1903 4102 Tabulario
1919 4038 2027 4123 Regni
2048 4037 2302 4123 descriptum,

516 4155 522 4164 ·
610 4135 722 4202 ,teste
741 4124 891 4190 Antonio
906 4122 1170 4192 Muozkowaoia
1190 4121 1243 4204 (L.
1259 4123 1291 4189 J.
1306 4121 1363 4187 Νι.
1379 4125 1432 4204 48,
1447 4059 1508 4186 iol
1528 4121 1614 4200 955).
1654 4121 1911 4205 Transumptum
1924 4122 1959 4186 in
1974 4122 2223 4188 confirmatione
2248 4121 2302 4189 Si·

509 4283 512 4298 ι
626 4208 806 4303 'gismundi
821 4208 910 4294 regis
927 4207 1021 4272 1533.
1038 4205 1096 4272 tDe
1109 4205 1231 4272 Andre'
1268 4211 1308 4285 ia,
1322 4205 1479 4292 polonice
1495 4199 1661 4293 Jqdrzn'ow
1675 4204 1751 4280 ‘vide
1768 4207 1863 4271 infra.
2317 4221 2321 4228 ’

744 4289 893 4361 loannes
920 4291 1101 4358 stemmatis
1127 4289 1199 4376 Gry
1248 4289 1440 4375 Episcopus
1474 4287 1758 4371 Vrstislaviensis
1787 4290 1902 4373 qui'in
1926 4287 2005 4353 vilis
2034 4309 2094 4355 sua
2123 4289 2307 4356 Brzcznioa

561 4432 565 4435 κ
639 4380 729 4447 dicta
740 4375 978 4444 monasterium
1005 4374 1132 4442 mauis
1154 4374 1390 4444 Cisterciensis
1413 4375 1555 4461 primum
1572 4374 1778 4456 fundaverat,
1834 4385 1929 4440 ostes
1957 4396 2038 4438 vero
2063 4372 2189 4440 Archie
2217 4375 2307 4441 'co-

638 4485 701 4551 pus
728 4461 935 4529 Gnesnensis
962 4459 1344 4542 (1152-1167)·fa0us
1375 4461 1432 4542 „in
1460 4460 1713 4526 consecratione
1740 4399 1887 4557 ejusdem
1913 4457 2093 4524 ccclesiae”
2122 4459 2171 4523 uti
2220 4457 2332 4544 'pla‘

637 4570 690 4614 ma
703 4555 853 4611 nostrum
869 4545 978 4625 docetg
994 4545 1147 4608 unacum
1163 4543 1323 4614 Gedeone
1339 4544 1531 4626 (Gedcone)
1547 4541 1764 4610 Cracoviensr
1778 4545 1962 4640 Episcopo,
1971 4561 2075 4607 novas
2097 4541 2243 4607 decimas
2258 4539 2306 4606 ssli

638 4631 841 4697 monasterio
858 4628 1007 4695 contulit
1027 4628 1141 4712 Itaque
1152 4630 1305 4697 -Joannes
1333 4640 1367 4695 et
1393 4627 1509 4696 Gedeo
1523 4627 1621 4693 ambo
1641 4628 1892 4693 consecrationi
1907 4628 2135 4692 mterfuerunt.
2157 4625 2307 4693 loannes

637 4722 788 4780 mortuus
801 4723 859 4778 est
870 4736 900 4777 a.
917 4715 1009 4779 1161.
1031 4712 1150 4784 Gedeo
1164 4716 1371 4780 verofsctus
1385 4713 1577 4797 Episcopus
1594 4736 1645 4777 an.
1664 4715 1754 4779 1166.
1771 4713 1887 4794 ltaque
1903 4711 2114 4777 consecratio
2141 4708 2302 4775 ecclesiae

637 4797 928 4881 Andrejoviensis,
943 4797 978 4862 in
992 4818 1058 4880 quo
1073 4797 1192 4881 privile
1218 4800 1283 4863 ium
1297 4796 1363 4863 hoc
1380 4820 1400 4860 a
1414 4796 1543 4861 duobus
1560 4796 1776 4863 Antistitibus
1803 4795 1924 4877 datum,
1951 4805 1984 4860 et
1998 4804 2117 4880 postea
2131 4793 2306 4862 confirma·

638 4893 709 4948 tum
724 4890 804 4963 erat,
819 4881 882 4947 fuit
896 4904 948 4948 an.
966 4883 1111 4950 llos-i
1127 4823 1339 4949 calcinum.
1351 4881 1443 4950 Haec
1460 4879 1500 4945 de
1511 4903 1598 4982 anno
1611 4880 1786 4966 privilegii.
