5409 6309
1044 859 1321 948 *4⁰1*-

352 1057 631 1148 teneisuimus
672 1087 724 1146 ee
758 1060 1112 1169 pronuneciemus
1148 1070 1190 1144 et
1231 1061 1554 1158 Sentenoiemus
1594 1064 1640 1146 in
1677 1061 1792 1156 hunc
1831 1061 2005 1156 modum
2095 1147 2097 1152 ,
2137 1124 2141 1140 .

348 1175 475 1263 cristi
494 1179 662 1261 nomine
682 1173 881 1264 inuocato
904 1208 956 1263 ex
977 1180 1098 1262 cuius
1119 1181 1242 1266 vultu
1276 1181 1390 1272 iuste
1424 1183 1665 1291 procedunt
1695 1181 1867 1274 iudicis.
1914 1182 2009 1278 Nos

349 1293 563 1407 Sbigneus
600 1297 816 1409 deigracio
845 1298 1084 1407 Episcopus
1116 1297 1415 1388 Orocouiensis
1454 1309 1534 1390 ete.
1566 1329 1642 1411 per
1671 1300 1784 1390 benc
1814 1309 2004 1396 nostram

347 1416 587 1500 arbitralem
610 1413 880 1504 Senteneism
901 1443 1031 1525 quom
1050 1415 1220 1506 ferimus
1251 1419 1295 1502 in
1317 1420 1408 1530 -hijs
1436 1421 1604 1530 seriptis
1635 1419 1886 1513 arbitremur
1906 1448 2006 1532 pror
2093 1451 2106 1480 ⁰

345 1538 622 1620 nunceiamus
652 1536 874 1624 laudamus
909 1537 1171 1622 decernimus
1203 1539 1472 1632 declaramus
1508 1537 1737 1626 diffinimus
1759 1548 1802 1642 et
1823 1537 2005 1636 Senten-

346 1653 506 1742 ciamus
527 1654 661 1763 primo
684 1684 737 1738 oc
757 1656 1044 1766 principaliter
1076 1668 1119 1742 et
1146 1668 1243 1741 ente
1278 1661 1430 1748 omnia.
1478 1654 1606 1759 Quod
1625 1658 1667 1739 in
1689 1658 1838 1748 eedem
1858 1658 2006 1756 Mone-

344 1775 470 1860 sterio
490 1775 533 1856 in
554 1773 798 1885 Stenyetblcy
834 1776 889 1858 sit
922 1777 1161 1886 prepositus
1181 1805 1257 1887 per
1271 1777 1549 1871 Abbsossem
1565 1785 1609 1859 st
1624 1774 1799 1870 Sorores
1816 1778 2006 1874 eiusdem
2033 1827 2040 1842 =
2189 1775 2200 1794 ‘

345 1889 596 1982 Conuentus
628 1894 787 1978 electus
818 1897 900 2002 qui'
922 1897 1065 1978 valeat
1096 1897 1254 1982 eisdem
1282 1897 1521 2009 virginibus
1557 1899 1600 1984 in
1634 1894 1932 2007 spiritualibus
1962 1907 2007 1992 et

343 2010 628 2122 Reguleribus
650 2041 795 2096 curam
818 2041 1025 2120 exercere.
1058 2013 1126 2100 Ite
1147 2022 1291 2138 temen
1312 2018 1429 2125 quod
1457 2014 1647 2126 prefatus
1675 2017 1917 2127 prepositus
1950 2018 2007 2110 sit

149 2155 152 2166 ’
213 2169 219 2200 v
344 2131 585 2240 temporalis
606 2131 661 2214 ad
681 2132 942 2217 voluntatem
964 2133 1196 2220 Abbatisse
1225 2136 1484 2222 remouibilis
1523 2143 1566 2217 et
1586 2135 1622 2220 si
1643 2123 1760 2244 qu‘od
1782 2134 1895 2221 absit
1914 2134 2006 2226 Ab·

212 2262 216 2274 '
343 2249 423 2338 bos
442 2252 670 2361 requisitus
689 2279 766 2359 per
785 2250 1061 2342 Abbatissem
1082 2264 1126 2336 et
1147 2254 1416 2342 Conuentum
1448 2282 1571 2337 suum
1602 2281 1770 2340 suerum
1804 2253 2005 2348 Sororum

342 2372 386 2454 in
407 2368 490 2454 hoe
512 2370 734 2481 negligens
755 2367 892 2475 fuerit,
916 2382 1070 2462 extunc
1098 2382 1338 2460 recurretur
1360 2376 1416 2457 ed
1436 2373 1697 2483 Episcopum
1727 2376 1800 2485 qui
1830 2376 2008 2485 cognite

344 2514 475 2574 eausa
493 2487 738 2573 racionabili
758 2492 898 2598 ipsum
918 2494 1009 2576 sine
1032 2491 1289 2582 difficultate
1308 2492 1547 2584 remouebit
1583 2518 1670 2601 quo
1703 2502 1891 2586 ammoto
1911 2492 2004 2588 Ab,

342 2606 505 2692 betissa
525 2635 621 2691 cum
640 2636 718 2694 suo
741 2609 968 2694 Conuentu
988 2611 1209 2697 habebunt
1228 2621 1487 2723 potestatem
1516 2612 1644 2700 elium
1664 2614 1928 2722 prepositum
1950 2615 2002 2708 de

345 2727 492 2811 eodem
514 2726 771 2814 Monesterio
793 2726 1027 2814 Tiniciensi
1048 2732 1205 2843 eligere
1227 2761 1352 2842 quem
1376 2733 1440 2822 sie
1463 2731 1645 2824 electum
1674 2729 1824 2826 Abbae
1855 2731 2004 2826 Mons·

342 2846 455 2956 sterij
488 2848 668 2955 predicti
689 2849 724 2931 si
747 2848 846 2931 dere
879 2850 1062 2938 eundem
1090 2851 1331 2938 Abbatisse
1354 2861 1399 2936 et
1428 2849 1672 2938 Oonuentui
1703 2878 1781 2940 suo
1805 2850 2005 2981 Sororum

339 2965 612 3064 recusauerit,
635 2975 789 3052 extunc
811 2966 940 3050 elium
959 2968 1204 3080 religiosum
1226 2970 1534 3080 cuiuscumque
1554 2967 1700 3080 regule
1723 2969 1775 3056 de
1797 2995 2004 3077 quocum·

342 3111 425 3193 que
448 3084 642 3169 Oleastro
670 3084 813 3195 Regni
839 3083 1015 3171 Polonis
1052 3087 1287 3174 Abbatisse
1326 3100 1369 3171 et
1390 3087 1637 3178 Conuentus
1668 3089 1850 3198 predicti
1869 3087 2005 3174 habe-

340 3200 450 3288 bunt
468 3210 724 3312 potestatem
746 3203 944 3314 eligendi.
991 3206 1100 3291 Item
1123 3209 1241 3320 quod
1260 3206 1497 3294 Abbatissa
1525 3234 1621 3290 cum
1652 3209 1869 3319 preposito
1900 3235 2002 3298 eon·

341 3321 521 3410 stituant
539 3347 669 3404 vnum
689 3331 1007 3432 procuratorem
1027 3327 1289 3435 spiritualem
1308 3329 1381 3412 uel
1401 3328 1635 3412 secularem
1664 3330 1740 3437 qui
1760 3324 1875 3414 bone
1895 3338 2005 3418 tem-

340 3440 502 3552 poralia
536 3441 727 3526 eiusdem
761 3441 1005 3555 Monosterij
1033 3446 1078 3527 in
1107 3445 1352 3558 Stcnyatllcy
1384 3444 1645 3560 gubernabit
1678 3444 1902 3540 Terminos
1938 3457 2005 3544 st·

340 3558 567 3669 temptabit
594 3571 638 3642 et
668 3560 855 3669 hospites
888 3562 1164 3654 aduenientes
1200 3567 1415 3676 suscipiet,
1453 3568 1505 3650 de
1541 3592 1755 3654 consensu
1788 3576 1932 3656 temen
1962 3577 2005 3656 et

307 3774 310 3778 ,
341 3679 542 3768 mandato
563 3677 795 3769 Abbatisse
818 3691 862 3762 et
880 3685 1085 3792 prepositi
1107 3687 1248 3772 omnio
1270 3694 1313 3770 et
1334 3686 1507 3798 singule
1533 3687 1646 3770 idem
1666 3693 1915 3793 procurator
1936 3714 2004 3774 ors

254 3838 260 3856 ι
343 3800 458 3884 dinet
480 3809 523 3882 et
544 3799 753 3907 disponat,
775 3801 850 3908 qui
873 3803 1007 3884 eciam
1028 3813 1280 3912 procurator
1302 3805 1481 3917 singulis
1507 3805 1627 3894 annis
1649 3812 1693 3893 et
1711 3805 1875 3896 tociens
1897 3833 2005 3917 quo«

342 3920 454 4002 ciens
475 3917 704 4024 requisitus
719 3919 863 4022 tuerit,
884 3918 1118 4012 Abbatisse
1140 3950 1236 4006 cum
1256 3926 1472 4034 preposito
1493 3920 1708 4014 tenebitur
1733 3923 1914 4016 reddere
1933 3952 2003 4010 ra·

342 4038 506 4124 cionem
542 4037 593 4122 de
630 4036 841 4128 Oensibus
883 4050 927 4123 et
962 4041 1052 4150 olijs
1087 4040 1329 4152 Monesterij
1371 4043 1612 4132 huiusmodi
1652 4039 2001 4136 obsessionibus.

342 4149 595 4240 Ordinemus
616 4159 750 4246 eciem
773 4159 890 4267 quod
910 4157 1025 4246 bona
1047 4172 1090 4243 et
1110 4189 1256 4246 omnes
1278 4173 1321 4250 et
1343 4164 1509 4275 singule
1530 4166 1711 4273 pecunie
1726 4163 1817 4254 siue
1834 4160 2000 4256 Census
2021 4155 2025 4164 ’

340 4274 582 4384 Monesterij
620 4278 796 4385 predicti
825 4289 1083 4387 reponentur
1122 4281 1165 4365 in
1200 4309 1326 4368 vnem
1361 4282 1525 4375 Cistem
1561 4308 1786 4374 comunem
1821 4282 1920 4394 (sle)
1956 4283 1999 4366 in

341 4393 563 4484 Thesauro
599 4394 843 4507 Monssterij
875 4400 917 4479 in
951 4397 1196 4508 Stoupatlrlcp
1228 4399 1308 4483 sub
1339 4401 1496 4512 triplici
1525 4409 1728 4488 seratura.
1776 4399 1844 4490 Ite
1882 4401 2000 4511 quod

339 4542 468 4600 vnern
487 4514 650 4602 elauem
673 4514 833 4604 habeat
852 4515 1099 4610 Abbatisse.
1121 4518 1355 4610 secundam
1375 4521 1626 4629 prepositus,
1657 4530 1702 4604 et
1720 4519 1895 4612 teretem
1915 4548 2002 4612 voa

342 4629 469 4720 Soror
490 4661 619 4743 quam
640 4633 798 4722 adhoc
820 4635 1027 4746 elegerint
1046 4645 1186 4728 estere
1209 4636 1386 4729 Sorores
1408 4638 1598 4730 eiusdem
1621 4638 1870 4734 Conuentus
1888 4640 2000 4732 etde

340 4752 489 4840 eodem
511 4751 733 4838 Thesauro
756 4759 924 4842 comuni
944 4785 1030 4843 non
1051 4758 1172 4844 aliter
1191 4758 1272 4839 nisi
1294 4757 1347 4848 de
1369 4759 1480 4848 scitu
1514 4758 1691 4849 istorum
1722 4783 1999 4867 personarum

338 4871 464 4959 bium
485 4898 562 4981 pro
583 4871 833 4962 vtilitstibus
853 4876 1030 4988 singulis
1052 4887 1095 4964 et
1114 4876 1442 4968 nscessitatibus
1473 4885 1562 4960 tem
1593 4875 1836 4988 Monesterij
1870 4902 2000 4987 quem

339 4987 568 5076 Abbatisse
585 4995 874 5107 prepositique
890 5007 934 5078 et
949 4994 1149 5081 Sororum
1170 4999 1289 5080 iuxta
1304 5004 1463 5081 statum
1481 5005 1526 5078 et
1539 4996 1832 5081 condicionem
1848 5019 1998 5086 earun-

443 5122 525 5164 ‘remur
537 5123 579 5163 111.
1753 5129 1792 5194 51
