5409 6309
1368 836 1642 912 ..240-

616 1032 619 1039 ’
671 1054 744 1160 qui
766 1079 811 1134 se
833 1053 876 1131 in
898 1047 1021 1129 dictis
1043 1042 1166 1126 bonis
1187 1039 1440 1143 locaverint,
1482 1068 1509 1120 a
1530 1046 1722 1145 temporo
1737 1036 1975 1123 locationis
1999 1036 2149 1123 damus
2172 1051 2217 1123 et
2230 1070 2340 1129 con·

631 1234 633 1238 <
667 1170 858 1269 cedimus
895 1162 1052 1248 Incolis
1088 1160 1213 1243 villae
1236 1159 1288 1242 de
1311 1158 1427 1269 agris
1467 1156 1592 1238 cultis
1630 1161 1828 1260 quatuor,
1863 1182 1991 1265 super
2026 1157 2157 1240 silvas
2188 1159 2341 1271 viginti
2455 1208 2459 1215 ·

555 1338 561 1345 ·
591 1312 593 1316 “
665 1312 871 1370 annorum
893 1311 920 1364 a
940 1280 1152 1364 solutione
1176 1276 1343 1361 Census
1367 1281 1410 1355 et
1433 1274 1622 1356 decimae
1642 1271 1816 1381 plenam
1837 1283 1880 1352 et
1903 1273 2191 1359 omnimodum
2212 1277 2341 1370 liber·

665 1414 817 1505 tatem,
856 1396 1024 1499 Quibus
1067 1395 1247 1505 expletis
1269 1402 1313 1474 et
1334 1391 1516 1476 evolutis
1532 1390 1602 1471 'de
1625 1389 1817 1498 quolibet
1850 1419 2001 1476 manso
2044 1400 2143 1476 octo
2185 1391 2338 1482 Scotos
2436 1446 2437 1449 κ

537 1510 541 1517 ’
577 1518 581 1527 ’
666 1534 912 1633 grossorum
945 1515 1228 1624 Pragensium
1264 1538 1340 1622 pro
1379 1508 1527 1593 Censu
1555 1508 1600 1588 in
1619 1506 1750 1592 Festo
1792 1505 1917 1590 Beati
1952 1509 2124 1593 Martini
2159 1513 2339 1624 singulis

666 1637 788 1721 annis
808 1633 931 1718 nobis
953 1640 998 1712 et
1018 1631 1172 1714 nostris
1210 1627 1542 1736 Successoribus
1578 1624 1744 1709 solvere
1787 1623 2054 1710 tenebuntur.
2115 1626 2340 1715 Decimam

668 1749 811 1840 dutem
833 1749 999 1833 dabunt
1017 1749 1140 1832 nobis
1161 1774 1276 1831 more
1298 1742 1503 1849 Polonieo
1527 1742 1821 1854 Campestrem
1839 1744 1891 1826 de
1909 1773 2043 1856 grano
2060 1747 2341 1858 quadruplici,

666 1869 866 1959 videlicet
886 1868 1055 1970 Tritici,
1078 1863 1448 1977 siligine-hordei
1464 1869 1507 1943 et
1523 1889 1705 1965 avenae;
1729 1859 1950 1946 Scultetus
1972 1890 2072 1948 vero
2094 1867 2339 1973 praedictus

531 2086 535 2093 ¹
668 2001 835 2075 sextum
857 1986 1073 2069 denarium
1097 1984 1151 2065 de
1173 1982 1318 2066 Censu
1332 2006 1416 2091 pro
1438 2009 1484 2062 se
1504 1977 1762 2083 reservabit,
1777 1980 1901 2064 nobis
1924 1982 2117 2091 quinque
2138 2007 2341 2092 praesen·

583 2094 586 2099 ’
666 2100 789 2208 tatis,
825 2104 1010 2216 piscinas
1047 2108 1193 2184 autem
1214 2103 1256 2185 in
1278 2100 1408 2183 fluvio
1446 2100 1559 2181 dicto
1595 2096 1798 2182 Krosnico
1834 2106 2051 2207 quotquot
2093 2109 2338 2186 construere

556 2234 560 2243 '
664 2225 839 2337 poterit,
861 2229 905 2304 et
924 2246 1096 2303 mansos
1129 2248 1181 2303 ex
1200 2229 1386 2326 utraque
1422 2226 1546 2326 parte
1582 2214 1773 2299 habebit.
1836 2215 2013 2302 Solvent
2049 2219 2178 2299 etiam
2215 2221 2338 2304 nobis
2499 2256 2508 2271 ·

665 2338 964 2451 tria'prandia,
1002 2338 1114 2420 omni
1152 2364 1263 2420 anno
1284 2359 1361 2446 pro
1384 2333 1575 2449 quolibet
1608 2333 1788 2443 prandio
1810 2336 1884 2421 sex
1905 2344 2068 2439 scotos,
2102 2335 2155 2418 de
2179 2338 2339 2445 quibus

665 2458 855 2572 prandys
878 2452 1095 2541 Scultetus
1117 2484 1248 2538 unum
1267 2453 1491 2575 prandium
1511 2452 1735 2561 persolvet.
1797 2454 1978 2564 Insuper
2007 2452 2193 2564 singulis
2217 2457 2337 2539 annis

667 2578 712 2657 in
734 2576 841 2659 festo
878 2572 1076 2659 Paschae
1096 2601 1172 2683 pro
1194 2573 1352 2656 honore
1391 2571 1572 2679 quilibet
1609 2568 1761 2654 Cmeto
1797 2601 1930 2655 unum
1966 2598 2164 2683 grossum
2194 2575 2340 2679 solvet,

671 2690 889 2778 Scultetus
926 2682 1070 2774 autem
1110 2691 1356 2801 praedictus
1394 2698 1469 2771 aut
1506 2690 1573 2770 sui
1609 2686 1891 2773 Successores
1931 2689 2113 2800 legitimi
2155 2686 2342 2775 servient

669 2811 792 2893 nobis
815 2838 910 2892 cum
933 2816 1045 2916 equo
1066 2809 1233 2893 valente
1257 2808 1364 2889 duas
1383 2833 1570 2911 mareas,
1586 2809 1629 2889 in
1650 2809 1850 2914 pancerio
1872 2835 1971 2890 cum
1986 2808 2139 2891 balista
2159 2819 2202 2889 et
2222 2811 2338 2920 alap-

669 2956 737 3043 pa,
759 2938 802 3011 et
822 2929 962 3012 omnia
983 2936 1027 3008 et
1047 2928 1216 3038 singula
1237 2926 1319 3008 alia
1338 2925 1582 3034 ‘praedictus
1605 2933 1648 3005 et
1669 2921 1900 3009 Cmetones
1919 2936 1962 3008 et
1976 2924 2192 3010 Scultetus
2213 2918 2338 3012 nobis

546 3048 551 3051 ’
649 3056 715 3130 ·et
734 3047 887 3133 nostris
925 3046 1243 3131 successoribus
1280 3040 1439 3125 facient
1461 3053 1505 3123 et
1525 3042 1841 3151 adimplebunt,
1873 3047 1929 3128 ad
1962 3071 2077 3154 quae
2108 3043 2224 3152 ipsos
2257 3044 2365 3128 Jus‘

667 3165 1045 3275 Maydeburgenso
1080 3190 1157 3246 seu
1194 3163 1480 3247 Teutonicum
1517 3161 1657 3244 reddit
1678 3158 1905 3272 obligatos.
1966 3161 2132 3244 Damus
2169 3163 2342 3272 insuper

667 3283 887 3396 praedicto
911 3280 1101 3366 Sculteto
1124 3290 1167 3363 et
1186 3283 1274 3381 suis
1296 3277 1629 3367 Successoribus
1659 3279 1873 3390 licentiam
1908 3280 2114 3383 donandi,
2153 3307 2341 3365 commu·

669 3400 1041 3506 tandi,“vendendi
1060 3397 1130 3482 vel
1153 3399 1233 3483 alio
1255 3399 1408 3511 quovis
1446 3399 1573 3482 modo
1610 3397 1820 3480 alienandi
1857 3396 2107 3483 Scultetiam
2147 3400 2343 3510 supradi-

671 3526 805 3625 ctam,
843 3517 1075 3613 dummodo
1093 3517 1176 3602 hoc
1197 3515 1274 3598 fiat
1295 3514 1352 3597 de
1372 3542 1584 3601 consensu
1619 3524 1763 3601 nostro
1786 3527 1829 3599 et
1849 3519 2086 3601 voluntate.
2146 3516 2198 3600 In
2219 3518 2340 3600 cuius

500 3646 506 3657 '
667 3624 729 3720 rei
749 3638 1036 3721 testimonium
1058 3631 1210 3747 Sigilla
1230 3642 1422 3743 nostrum
1444 3642 1487 3715 et
1508 3633 1759 3719 Conventus
1782 3636 1977 3720 duximus
1995 3625 2339 3748 appendendum.

512 3751 516 3759 ’
667 3754 827 3839 Actum
848 3758 902 3849 in
912 3752 1171 3837 Monasterio
1204 3750 1420 3864 Tyncicosz'
1436 3754 1480 3834 in
1503 3754 1570 3835 die
1591 3749 1716 3837 Beati
1735 3753 1943 3837 Matthiae
1964 3753 2181 3864 Apostoli,
2214 3753 2342 3839 ‘Anno

668 3871 842 3955 Domini
861 3869 919 3953 M.
942 3866 1070 3956 CCC.
1088 3870 1139 3954 L.
1155 3868 1231 3954 IV.
1262 3870 1564 3957 Praesentibus
1586 3870 1811 3983 Religiosis
1832 3875 1945 3957 viris:
1962 3870 2343 3978 Hennorriore,

669 3987 821 4073 Fratre
839 3988 1082 4101 Raphaele,
1103 3984 1252 4074 Fratre
1276 3988 1494 4075 Clemente
1517 3988 1718 4096 Custode,
1739 3989 1945 4105 Magistro
1968 3990 2175 4093 Cedrone,
2191 3986 2343 4072 Fratre

669 4104 790 4210 Vite,
825 4106 978 4191 Fratre
1004 4106 1242 4214 ’Hancone,
1278 4104 1427 4192 Fratre
1464 4106 1633 4193 Joanne
1671 4107 1904 4219 Capellano
1940 4108 2113 4197 Domini
2142 4104 2365 4220 Abbatis,

668 4222 818 4433 {getza
838 4225 1059 4365 Mistislao,
1094 4224 1243 4314 Fratre
1279 4226 1463 4314 Matthia
1500 4226 1798 4339 Subdavigero
1823 4240 1866 4348 et
1886 4229 1977 4341 alys
1999 4225 2341 4343 quampluribus

731 4372 989 4467 sagma..-
