5409 6309
613 1188 1907 1448 erff‘dieAmmmfflmfflw⁸
1843 1223 2085 1329 ertntr
2106 1225 2357 1369 Martae,

640 1456 648 1561 i
681 1511 958 1588 nolemus
979 1471 1113 1587 Polion
1137 1510 1303 1584 onemo
1330 1491 1367 1581 el
1388 1507 1594 1610 mairiu
1618 1507 1683 1580 dm
1699 1501 1806 1582 ιιἸΙιιι
1829 1511 2063 1614 [syntomata
2079 1509 2154 1602 jun
2175 1508 2354 1633 Quum

976 1643 1014 1675 .·
1080 1596 1244 1689 nnjnn
1259 1599 1292 1666 et
1307 1611 1328 1666 ι
1342 1594 1438 1665 ranis
1453 1594 1588 1682 aeganis
1602 1594 1767 1723 muman
1782 1592 1885 1665 reddit
1899 1593 1952 1676 (¹):
2131 1622 2136 1630 ·
2289 1649 2293 1666 ι

635 1787 639 1795 ’
728 1802 741 1810 ·
786 1769 839 1852 ln
859 1771 1029 1852 nomine
1055 1775 1203 1848 sancte
1225 1774 1269 1845 et
1286 1764 1503 1844 indiuidue
1540 1765 1752 1847 trinitatis
1788 1763 1941 1849 Amen
1987 1764 2198 1866 Quoniam
2229 1766 2350 1874 lengi

681 1895 844 1970 tractus
864 1895 1101 1994 temporum
1121 1881 1293 1987 pariunt
1314 1881 1613 1989 antiquitatem
1635 1883 1867 1992 antiquitas
1900 1881 2156 1967 obliuionem
2192 1881 2353 1966 obliuio
2378 1933 2382 1938 -

681 2025 783 2088 vero
813 2031 953 2086 rerum
989 2009 1181 2082 actarum
1211 1999 1541 2080 exinanitionem
1577 1999 1814 2107 Eapropter
1833 2025 2010 2083 necesse
2032 2012 2099 2084 est
2117 2010 2168 2082 ut
2183 2018 2254 2082 res
2277 2000 2344 2080 di·

683 2147 771 2231 gna
790 2119 992 2202 memorie
1024 2118 1182 2222 scripto
1197 2116 1362 2198 debeat
1397 2116 1685 2197 commendari
1721 2135 1808 2227 quo
1841 2133 2081 2200 canescens
2114 2118 2352 2226 antiquitas

682 2235 869 2319 crebrius
889 2236 1032 2318 valeat
1050 2235 1259 2316 renouari.
1306 2235 1396 2317 Nos
1430 2259 1605 2342 quoque
1628 2235 1714 2314 dux
1734 2233 1967 2317 Bolezlaws
1990 2235 2058 2316 dei
2079 2236 2221 2345 gratia
2242 2231 2353 2316 Ora·

636 2361 642 2368 ’
682 2355 803 2437 come
824 2361 868 2433 et
888 2350 1157 2434 Zandemirie
1180 2378 1277 2431 cum
1297 2351 1453 2432 dilecta
1472 2360 1607 2431 matre
1629 2360 1774 2433 nostra
1795 2349 2056 2436 Grimizlaua
2077 2347 2351 2436 notumfaci·

680 2495 775 2552 mus
798 2469 993 2552 omnibns
1013 2476 1103 2549 tam
1121 2467 1545 2576 presentibusquam
1576 2467 1727 2552 futuris
1749 2495 1927 2574 presens
1963 2472 2169 2577 scriptum
2204 2470 2353 2574 inspe·
2493 2467 2498 2478 '

682 2587 812 2668 cturis
835 2587 952 2697 quod
972 2587 1206 2667 animarum
1226 2594 1393 2666 mature
1413 2583 1537 2665 saluti
1565 2593 1808 2667 nostrarum
1838 2587 2112 2692 procidentes
2146 2594 2189 2666 et
2219 2586 2353 2668 totius

639 2702 645 2715 '
682 2712 829 2788 nostre
860 2703 1122 2811 posteritatis
1155 2703 1434 2784 concedimus
1472 2702 1643 2783 domino
1682 2701 1859 2808 Symoni
1894 2705 2109 2809 preposite
2132 2701 2185 2781 de
2215 2697 2351 2782 Criza·
2392 2759 2394 2762 -

683 2847 795 2902 noan
816 2818 889 2946 (3)
902 2820 1302 2928 premonstratensis
1335 2813 1573 2902 ordinist
1530 2829 1573 2900 et
1608 2819 1694 2900 suis
1732 2817 1927 2900 omnibns
1964 2815 2282 2900 successoribus
2307 2825 2354 2896 et

608 2973 612 2980 ·
683 2922 949 3021 dominabus
955 2937 1114 3020 ibidem
1137 2936 1394 3046 degentibus
1419 2944 1463 3015 et
1484 2934 1652 3019 domino
1689 2933 1992 3017 famulantibus
2029 2939 2169 3018 locare
2198 2933 2348 3017 uillam

675 3050 921 3138 forensem
908 3083 999 3137 rure
1020 3055 1298 3139 theuthonico
1318 3063 1369 3134 ut
1383 3051 1464 3133 sub
1483 3080 1535 3136 eo
1558 3054 1750 3160 hospites
1770 3035 1929 3133 ibidem
1949 3063 2169 3134 manentes
2188 3075 2353 3160 regen·
2408 3113 2411 3118 .

680 3179 749 3253 tur
768 3173 857 3254 iure
874 3177 979 3257 noui
1000 3171 1079 3256 fori
1092 3157 1280 3255 deensis
1314 3168 1680 3255 Wratizlaniensis
1712 3180 1759 3252 et
1778 3169 1978 3252 tacimus
1992 3169 2169 3256 liberam
2203 3168 2348 3254 villam

679 3288 890 3397 prefatam
925 3291 981 3372 ab
1013 3283 1208 3374 omnibus
1240 3289 1541 3374 emptionibus
1577 3288 1778 3370 uidelicet
1797 3316 1824 3369 a
1843 3300 1972 3371 ztrosa
1991 3317 2018 3368 a
2039 3314 2177 3399 ponor
2193 3313 2224 3365 a
2246 3295 2350 3366 ιιιιιι.

683 3435 710 3488 a
724 3407 914 3515 podoodj.
947 3405 1375 3517 apoooloveatorpove
1391 3415 1436 3488 et
1453 3407 1702 3514 ub1cunque
1716 3431 1794 3514 per
1805 3405 1900 3488 fora
1914 3416 2056 3487 nostre
2070 3415 2182 3485 terre
2195 3399 2353 3481 transi
2452 3439 2457 3446 ·
2551 3420 2558 3429 ‘

682 3521 823 3607 uerint
842 3549 927 3607 non
948 3524 1117 3608 soluant
1135 3523 1344 3605 thelonea
1362 3552 1448 3607 non
1463 3535 1637 3605 teneant
1638 3552 1688 3604 ur
1710 3524 1765 3602 ad
1781 3521 2091 3603 edificationem
2108 3519 2246 3601 castri
2263 3542 2376 3602 non.

668 3638 741 3720 'ad
775 3640 1068 3749 expeditiones
1111 3667 1196 3723 non
1236 3640 1294 3722 ad
1330 3640 1384 3753 (3)
1408 3701 1515 3724 .....
1552 3667 1637 3724 non
1673 3640 1882 3746 recipiant
1918 3639 2229 3721 caniductores.
2263 3659 2351 3716 non
2447 3667 2452 3676 ·

682 3751 948 3841 falconarios.
977 3783 1065 3843 non
1086 3758 1250 3869 aliquos
1270 3760 1479 3842 uiolentos
1503 3767 1736 3840 exactores
1767 3753 1881 3838 Nulli
1899 3759 2093 3861 preterea
2122 3758 2353 3836 teneantur

604 3911 607 3916 ¹
683 3875 954 3982 respondere.
975 3904 1056 3957 nec
1075 3875 1244 3957 inuitati
1265 3903 1523 3983 comparere.
1546 3876 1628 3956 nisi
1650 3898 1792 3954 coram
1814 3897 1891 3953 suo
1913 3874 2143 3982 preposito.¹
2162 3871 2353 3950 iudicare

570 4083 576 4092 ⁶
687 4014 827 4071 coram
849 3992 941 4100 ipso
963 3994 1143 4077 sculteto
1164 4007 1242 4076 suo
1259 3994 1364 4074 iure.
1387 3993 1476 4072 siue
1490 3993 1535 4072 in
1550 3991 1731 4097 magnis.
1749 3989 1839 4070 siue
1854 3987 1897 4067 in
1912 3992 2055 4096 paruis
2077 3988 2229 4098 causis.
2252 3986 2350 4067 siue
2416 3991 2423 4002 ’

683 4104 884 4192 uidelicet
903 4111 959 4191 ad
979 4109 1329 4218 suspendendum
1349 4109 1441 4188 siue
1465 4105 1758 4189 decolandum.
1779 4106 1870 4186 siue
1890 4106 2127 4190 rotandum.
2169 4103 2227 4187 Et
2245 4128 2349 4209 pre·

682 4247 780 4305 sens
802 4227 1006 4336 scriptum
1025 4237 1075 4311 ut
1092 4225 1224 4311 robur
1243 4223 1455 4306 firmitatis
1477 4222 1671 4306 obtineat
1689 4221 1814 4331 sigilli
1835 4225 1970 4304 nostri
1990 4223 2231 4304 curauimus
2252 4244 2352 4302 mu-

784 4407 827 4486 (3)
848 4407 900 4473 Ex
915 4406 1028 4473 archet
1006 4419 1097 4556 tppo
1112 4407 1147 4469 in
1161 4401 1322 4468 tabulario
1340 4400 1418 4465 olim
1433 4402 1596 4468 ecclesiae
1610 4401 1844 4470 Cisterciensis
1860 4403 1986 4468 ordinis
2001 4401 2208 4469 Vitoviensis
2234 4416 2350 4495 aeser-

654 4494 767 4564 jrato.
789 4489 1010 4586 Archetypon
1070 4485 1361 4557 ccommunicavit
1375 4484 1548 4550 nobiscum
1567 4509 1652 4552 unus
1665 4485 1925 4551 adolescentium
2039 4508 2077 4550 ae
2093 4483 2217 4580 spei‚q
2194 4480 2252 4565 qui
2273 4477 2348 4543 illu·

683 4571 828 4638 strandis
842 4573 943 4641 rebus
959 4576 1064 4660 gestis
1081 4572 1208 4670 patriae
1235 4567 1381 4632 sedulam
1397 4589 1544 4654 operam·
1533 4570 1615 4652 dat,
1638 4566 1827 4639 Vladielaus
1844 4571 1959 4635 Wiecz
1942 4592 2001 4635 zor
2026 4567 2145 4634 owski

767 4656 829 4752 (3)
849 4659 1097 4748 Krzytanowice,
1117 4654 1196 4720 villa
1218 4651 1600 4739 parochialisadNidam
1607 4620 1747 4719 fluvium
1763 4654 1837 4738 sita,
1860 4652 2092 4723 Stobniceneis
2119 4646 2349 4722 territoriire·

658 4787 667 4802 „
682 4736 1001 4925 gionilillellerbum
1012 4822 1104 4905 quod
1116 4820 1206 4889 nullo
1220 4819 1324 4890 modo
1336 4818 1513 4907 perlegere
1527 4840 1718 4906 possumus
