5409 6309
1383 829 1660 903 -446-

693 1044 883 1148 tempore
915 1034 1156 1144 huiusmodi
1185 1033 1470 1118 nundinarum
1505 1032 1737 1144 plenumst
1757 1029 2041 1120 omnimodam
2072 1036 2346 1127 concedimus

691 1154 938 1240 facrrltatem
971 1153 1191 1239 ciuitatum
1211 1164 1355 1239 tamen
1375 1161 1418 1236 et
1449 1153 1697 1263 oppidorum
1727 1162 1963 1239 nostrorum
1992 1154 2215 1263 Regalium
2235 1187 2347 1246 mera·

694 1278 922 1373 actoribus,
957 1275 1210 1379 vectoribus,
1241 1303 1293 1359 ac
1314 1272 1656 1385 negociatoribus
1693 1274 1900 1357 duntaxat
1931 1268 2117 1389 exc'eptis
2149 1304 2255 1389 quos
2286 1283 2344 1366 cd

690 1395 896 1480 dictorum
925 1392 1118 1480 toralium
1149 1393 1406 1480 solucionem
1426 1392 1664 1478 nullatenus
1694 1392 1891 1477 uolumus
1924 1390 2113 1509 obligari.
2174 1396 2349 1486 Interea

690 1524 832 1602 autem
747 1515 1076 1601 tiorenaium
1092 1523 1438 1599 extranearumue
1455 1513 1768 1598 cerrevisiarum
1779 1510 1877 1625 (sic)
1891 1513 2114 1602 ducturam
2126 1543 2181 1600 ac
2199 1523 2342 1631 propi-

688 1636 922 1739 nacionem,
951 1635 1051 1719 uino
1085 1635 1290 1718 duntaxat
1273 1641 1505 1742 ttexcepo
1535 1633 1701 1740 inipso
1732 1632 1890 1742 oppido
1923 1628 2045 1745 Slups'
2070 1662 2146 1748 pro
2176 1643 2343 1750 tempo·

688 1756 804 1839 ribus
835 1756 1161 1895 prescriptorum
1206 1754 1488 1836 nundinarum
1532 1750 1786 1862 prohibendi
1827 1781 1878 1835 ac
1915 1754 2063 1838 tuendi
2109 1767 2343 1844 memorato

690 1875 839 1961 abbati
869 1904 918 1959 ac
951 1878 1037 1958 suis
1068 1873 1385 1959 successoribus
1416 1871 1587 1982 plenam
1618 1877 1875 1980 potestatem
1894 1872 2167 1983 impartimur,
2196 1876 2257 1961 ita
2277 1886 2346 1961 ta·

689 2023 806 2100 men,
837 2003 886 2079 ut
916 1994 968 2078 de
998 1996 1154 2080 hiiset
1186 1994 1274 2078 aliis
1314 1993 1565 2075 necessariis
1608 2018 1685 2101 pro
1727 1990 1967 2078 hominibus
2013 1991 2149 2079 lorum
2192 1998 2345 2082 annale

689 2114 930 2210 huiusmodi
974 2114 1286 2200 celebrantibus
1326 2120 1369 2194 et
1400 2109 1692 2196 exercentibus
1732 2110 1955 2220 prouidere
1997 2114 2233 2225 eademqne
2265 2117 2343 2201 abs

692 2234 873 2319 desertio
909 2235 1144 2319 ministrare
1185 2241 1409 2316 teneantur
1448 2258 1500 2314 ac
1541 2228 1773 2314 debebunt
1834 2229 2000 2316 Harum
2039 2233 2196 2342 quibus
2227 2236 2344 2347 eigil-

688 2353 775 2440 lum
804 2362 994 2438 nostrum
1015 2364 1082 2438 est
1100 2353 1420 2495 subappensum
1441 2344 1681 2434 testimonio
1701 2349 1946 2437 litterarum.
2008 2351 2195 2437 Actum
2183 2383 2226 2436 m
2249 2352 2346 2438 Slu-

683 2500 731 2585 pr
725 2471 971 2558 dominico
1003 2475 1111 2559 die
1100 2501 1193 2586 ipso
1224 2481 1376 2556 sancta
1329 2469 1604 2554 ta'Barbare
1635 2469 1834 2580 uirginis,
1874 2498 1984 2556 anno
2028 2473 2185 2556 domini
2214 2475 2345 2559 mille·

688 2595 795 2677 simo
827 2593 1113 2707 quadringent
1115 2595 1244 2678 esimc
1275 2592 1543 2702 sexagesimo
1582 2596 1760 2695 octauo,
1803 2588 2071 2698 presentibus
2102 2590 2343 2698 Generosis,

688 2713 881 2815 strenuis,
903 2740 954 2795 ac
974 2713 1183 2800 nobilibus
1197 2711 1389 2798 'Nicolao
1421 2710 1472 2793 de
1507 2704 1759 2812 Cbrcnrtbow
1791 2706 2027 2796 Vexillifero
2058 2709 2345 2799 Graccouien-
2358 2725 2361 2730 ’

688 2830 855 2946 s1(sic),
886 2833 1010 2918 Petro
1041 2830 1198 2944 Dcnr'jn
1229 2833 1282 2916 de
1318 2829 1566 2914 Prcccccice
1597 2830 1906 2915 succamerario
1929 2828 1983 2947 (1)
2018 2831 2148 2917 Paulo
2185 2831 2343 2917 Jcarr'c·

687 2951 807 3063 ubkai
851 2950 1121 3065 subdapifero
1169 2949 1518 3054 Sandomiriensi,
1563 2947 1738 3033 Nicolao
1783 2946 2028 3062 Dzicliaaltij
2072 2963 2115 3036 et
2166 2952 2343 3040 Nicolao

692 3068 974 3187 Coaczieb'ecltr'
1006 3074 1267 3158 curiensibus
1304 3098 1380 3155 nos
1383 3055 1468 3174 tris,
1500 3068 1739 3178 ceterisque
1771 3067 1827 3150 ad
1856 3071 2062 3179 premissa
2100 3070 2343 3185 fidedignis

686 3197 849 3282 Datum
879 3107 972 3304 per)
984 3221 1132 3277 manus
1163 3189 1426 3276 Venerabilis
1456 3186 1619 3273 Albeiti
1666 3185 1717 3269 de
1754 3184 1910 3271 Zicblin
1941 3190 2129 3276 custodis
2180 3189 2347 3277 Saudo·

689 3315 907 3418 miriensis,
937 3341 1017 3396 nec
1047 3340 1144 3397 ιιοιι
1154 3309 1441 3415 Gneznensis‚
1464 3306 1804 3413 Graccouiensis,
1837 3306 2282 3423 Vladislaviensisque,
2303 3320 2346 3395 et

689 3434 987 3521 Poscaniensis
1016 3431 1305 3517 Ecclesiamm
1335 3426 1553 3535 (laconici,
1585 3453 1637 3511 ae
1668 3424 1809 3539 Regni
1838 3427 2009 3515 Palonie
2041 3430 2344 3516 uieecancella·

690 3556 752 3656 rii,
785 3556 948 3639 sincere
978 3552 1101 3640 nobis
1133 3551 1284 3636 dilecti

1315 3666 1488 3755 Relacic
1520 3665 1709 3752 eiusdem
1741 3631 2004 3756 Venerabilis
2035 3667 2238 3757 eilberti.v
2314 3661 2321 3676 ’

797 3911 836 3993 (²)
860 3905 1132 3979 Sandcmiriensis
1147 3905 1219 3986 sub,
1235 3903 1432 3972 camerarius
1445 3901 1518 3969 luit
