5409 6309
1404 865 1684 940 ..ιω-

699 1074 928 1158 munimine
949 1068 1191 1183 Sigillorum
1213 1076 1258 1148 et
1278 1069 1424 1179 scripti
1445 1071 1697 1179 testim0nys
1717 1065 1990 1175 roborantem
2021 1068 2161 1178 Igitur
2181 1074 2380 1158 noverint

696 1196 944 1328 praesentes
966 1201 1010 1273 et
1030 1186 1160 1269 futuri
1180 1213 1384 1296 praesens
1405 1189 1612 1298 scriptum
1634 1186 1907 1297 inspecturi,
1915 1184 2049 1287 Quod
2070 1187 2160 1272 Nos
2174 1186 2375 1279 Joannas
2436 1198 2466 1229 ·’
2536 1228 2540 1235 ·

696 1309 870 1395 Divina·
884 1307 1153 1417 miseratione
1185 1303 1335 1388 Abbas
1367 1306 1615 1417 Monastery
1645 1302 1901 1414 Tyncieuais
1923 1303 2098 1390 Ordinis
2118 1303 2269 1391 Sancti
2286 1308 2372 1393 Ba·

693 1426 854 1512 nediirti
894 1404 1101 1536 totusque
1144 1422 1393 1507 Conventus
1430 1424 1628 1509 Fratrum
1658 1422 1902 1532 Monastery
1936 1424 2126 1507 eiusdem
2149 1427 2375 1536 cupientes
2462 1462 2466 1474 ·

657 1628 660 1633 ,
693 1546 811 1631 bona
830 1544 1079 1650 Monastery
1099 1541 1232 1625 nostri
1254 1542 1468 1651 ampliare,
1490 1543 1758 1629 vendidimus
1786 1541 1969 1630 Provide
1991 1540 2092 1626 Viro
2114 1541 2312 1629 Thomas
2332 1554 2376 1629 et

694 1664 828 1749 sorori
857 1664 990 1773 ipsius
1022 1661 1280 1747 Catherinae
1311 1662 1436 1745 Natis
1472 1661 1505 1747 J
1506 1660 1630 1746 aclini
1649 1666 1727 1770 pro
1750 1670 1934 1768 quatuor
1954 1662 2107 1744 marcis
2128 1688 2381 1775 grossorum·

693 1782 976 1893 Pragensium
1009 1779 1168 1863 usuahs
1199 1788 1397 1863 monetae
1428 1780 1728 1891 extirpationes
1749 1776 2000 1863 adiacentes
2020 1778 2143 1863 villae
2165 1783 2373 1893 autiquae
2482 1798 2491 1805 “

697 1899 839 1983 dictae
856 1898 1005 1999 Baelo
1029 1925 1142 2011 quae
1164 1899 1742 2008 extirpationesincipientur
1763 1927 1789 1981 a
1803 1898 2010 1983 Pasoouis
2031 1898 2307 2007 extirpatione
2328 1911 2376 1984 ιι

693 2019 931 2127 procedent
960 2043 1101 2128 usqua
1123 2016 1178 2098 ad
1200 2017 1377 2098 densam
1408 2018 1581 2121 silvam,
1612 2017 1722 2097 inter
1753 2044 1862 2127 quas
1895 2017 2197 2125 extirpationes
2231 2017 2373 2103 dictus

696 2135 889 2257 Thomas
925 2134 1182 2246 Sororque
1170 2134 1303 2242 ipsius
1336 2135 1402 2221 Oa
1404 2135 1568 2220 therina
1596 2162 1728 2217 unum
1760 2160 1956 2219 mansum
1977 2153 2116 2242 usque
2139 2133 2197 2217 ad
2217 2135 2371 2246 viginti
2414 2197 2420 2209 .

638 2248 640 2253 ’
695 2279 828 2338 annos
863 2251 996 2336 libere
1033 2253 1335 2360 possidebunt,
1372 2254 1527 2362 elapsis
1548 2278 1650 2339 vero
1672 2252 1829 2363 viginti
1850 2253 2000 2356 annia,
2034 2252 2287 2336 solutionem
2318 2253 2370 2339 de

470 2369 476 2380 ’
624 2446 626 2453 ι
692 2373 786 2481 ipso
818 2371 977 2456 facient
1006 2382 1055 2453 ut
1087 2371 1139 2453 de
1171 2371 1322 2454 ceteris
1355 2374 1533 2485 mansis
1564 2371 1634 2456 vel
1664 2371 1783 2454 alteri
1816 2370 1893 2452 ad
1901 2370 2157 2455 solutionem
2188 2371 2371 2456 vendere

692 2488 963 2603 tenebuntur.
1027 2489 1191 2571 Damus
1225 2492 1349 2571 etiam
1385 2492 1525 2574 dictis
1542 2488 1737 2575 Thomas
1761 2487 1955 2572 Sculteto
1979 2475 2252 2598 Sororique
2240 2491 2372 2598 ipsius

694 2618 738 2691 et
767 2634 913 2692 eorum
939 2607 1142 2745 legitimis
1174 2605 1506 2693 Successoribus
1538 2610 1593 2691 ad
1629 2606 1859 2691 locandum
1878 2604 2041 2689 ibidem
2074 2605 2234 2691 Silvam
2266 2605 2371 2691 diue

693 2724 1088 2837 Maydeburgensi
1076 2754 1119 2807 ιιι
1139 2726 1274 2852 tribus
1296 2725 1481 2827 Rivulis
1503 2726 1704 2809 videlicet
1725 2706 1902 2823 Laecae,
1937 2721 2147 2807 Liroocrlm
2170 2733 2212 2805 et
2234 2719 2371 2819 Cluto-

693 2870 860 2952 szoapao
878 2867 966 2939 una
987 2872 1085 2927 cum
1107 2844 1222 2955 agris
1260 2873 1311 2928 ex
1313 2845 1477 2955 tirpatis
1510 2840 1834 2954 Quinquaginta
1865 2786 2044 2926 Menses
2066 2840 2369 2943 Franconieoa
2517 2852 2526 2877 ''

696 2961 878 3047 Ratione
914 2990 1026 3046 vero
1050 2961 1276 3045 locationis
1311 2963 1558 3069 praedictae
1596 2955 1759 3063 Silvae,
1803 2962 1898 3067 ipse
1935 2959 2125 3065 Thomas
2162 2968 2207 3043 et
2241 2957 2388 3045 Soror·

693 3080 826 3189 ipsius
865 3079 1096 3164 Oatherina
1115 3088 1172 3191 fil
1201 3081 1389 3187 ipsorum
1419 3081 1598 3190 legitimi
1635 3078 1958 3164 Successores...
1996 3077 2178 3162 Mansos·
2201 3075 2370 3182 liberos,
2511 3153 2516 3161 .

693 3198 799 3282 duas
836 3196 1080 3298 Tabernas,
1116 3194 1295 3282 Macella
1327 3200 1537 3301 carnium,
1570 3225 1760 3280 mensam
1792 3224 1952 3307 panum
1986 3214 2030 3277 et
2054 3195 2255 3281 Sutorum
2284 3196 2368 3280 Fa·

691 3314 817 3418 brile,
848 3313 1107 3418 Molendina,
1138 3316 1344 3424 piscinas,
1369 3327 1600 3429 quotquot
1620 3326 1876 3425 ⁸construere
1907 3314 2064 3424 poterit
2095 3313 2262 3425 absque
2292 3317 2369 3399 im·

555 3460 571 3543 j
692 3433 938 3543 Pediffl‘fflto
969 3434 1230 3538 incolarum,
1261 3432 1395 3529 libere
1429 3431 1728 3544 possidebunt,
1759 3433 1830 3516 illa
1861 3431 2071 3515 duntaxat
2098 3431 2265 3542 piscina
2291 3461 2382 3517 ·ex-·
2492 3446 2497 3453 '

693 3559 840 3660 cepta,
873 3548 1003 3658 quam
1033 3551 1240 3635 Dominus
1261 3550 1413 3635 Abbas
1434 3580 1513 3662 pro
1534 3552 1714 3635 utilitate
1736 3553 1886 3638 domus
1906 3553 2164 3658 reservavit3
2194 3550 2365 3641 Incolae

693 3678 836 3752 autem
859 3669 934 3780 qui
955 3669 1058 3753 inibi
1088 3670 1214 3752 locati
1244 3669 1422 3772 fuerint,
1454 3697 1480 3751 a
1500 3680 1691 3779 tempore
1726 3669 1948 3756 locationis
1983 3697 2113 3777 super
2152 3668 2368 3779 extirpatis

692 3788 808 3922 agris
830 3815 904 3869 sex
925 3788 1066 3889 annis,
1088 3796 1130 3868 et
1149 3813 1277 3894 super
1296 3789 1422 3887 silva,
1454 3790 1607 3901 viginti
1638 3790 1760 3871 annis
1783 3787 2037 3900 gaudebunt
2055 3786 2270 3891 libertate,
2293 3815 2367 3873 ex·

656 3971 662 3981 .
691 3904 832 4012 pirata
861 3912 1005 3987 autem
1034 3903 1230 3989 libertate
1253 3907 1305 3988 de
1327 3848 1520 4016 quolibet
1548 3934 1698 3991 manso
1728 3916 1973 4037 mensurato
1993 3905 2127 3993 Nobis
2150 3914 2193 3988 et
2211 3909 2367 3993 nostris

693 4020 1024 4107 Successoribus
1074 4024 1239 4108 Novem
1282 4023 1437 4109 Scotos
1480 4052 1726 4136 grossorum
1746 4016 1962 4111 monetae
2003 4010 2248 4164 praedictae
2289 4053 2365 4135 pro
2409 4056 2412 4061 ⁴

357 4234 361 4241 ¹
431 4192 438 4203 ·
512 4206 519 4213 .
611 4142 613 4147 ’
694 4140 926 4244 Censu,et
908 4150 1020 4224 tser
1040 4170 1144 4252 pro
1140 4144 1314 4225 decimis
1346 4142 1520 4227 Rectori
1551 4144 1777 4228 Ecclesiae
1806 4142 1986 4254 singulis
2019 4145 2140 4226 annis
2171 4143 2215 4224 in
2235 4141 2365 4231 Festo

691 4259 817 4345 Beati
847 4258 1020 4344 Martini
1051 4262 1212 4347 solvere
1244 4261 1515 4365 tenebuntur,
1553 4261 1769 4379 Scultetus
1792 4271 1936 4346 autem
1956 4270 2125 4345 sextum
2148 4261 2367 4348 denarium

692 4378 948 4465 Consualem
974 4402 1056 4489 pro
1078 4409 1125 4463 se
1144 4379 1399 4485 reservabit
1431 4382 1555 4463 nobis
1587 4370 1778 4493 quinque
1808 4379 2156 4490 praesentariae
2134 4364 2366 4464 ettertium

691 4497 910 4582 denarium
934 4498 985 4582 de
1007 4498 1181 4584 Judicio
1202 4501 1541 4607 provenientem,
1574 4496 1679 4583 Tria
1708 4500 1888 4609 prandia
1919 4499 2070 4612 quovis
2094 4523 2202 4580 anno
2226 4508 2270 4580 et
2288 4527 2366 4607 pro
2499 4538 2511 4607 ,-

694 4617 886 4721 quolibet
906 4618 1084 4726 prandio
1106 4647 1183 4703 sex
1204 4627 1367 4719 scotos,
1390 4617 1640 4729 dequibus
1655 4618 1886 4729 prandys³
1869 4644 1990 4727 ipse
1985 4614 2207 4717 scultetus
2236 4644 2366 4701 unum

692 4730 920 4837 fertonem,
941 4744 985 4827 et
1004 4736 1169 4825 incolae
1201 4724 1307 4822 diros
1338 4736 1540 4831 fertones
1556 4737 1679 4822 nobis
1702 4734 2048 4846 ριιιοιιιιιιι
2051 4761 2207 4845 nsuper
2237 4734 2366 4839 etiam

692 4851 836 4936 omnia
856 4854 938 4936 alia
960 4861 1003 4934 et
1022 4855 1192 4965 singula
1207 4865 1294 4936 tam
1312 4854 1558 4964 saepefatus
1580 4855 1771 4939 Thomas
1790 4854 2006 4940 Scultetus
2023 4865 2067 4939 et
2083 4852 2242 4938 Soror
2231 4854 2380 4963 ipsius,

692 4969 991 5057 Catherinat
949 4982 991 5093 et
1011 4998 1155 5054 eorum
1175 4973 1356 5083 legitimi
1378 4972 1673 5077 Successores,
1693 5000 1823 5085 quam
1842 4971 2106 5079 Qmethoues
2126 4973 2213 5065 sint
2230 4971 2365 5059 Nobis
2385 4976 2388 4989 '
