5409 6309
1378 815 1658 905 ..m-

582 1082 587 1089 ·
675 1021 941 1107 Kmeth'ones
977 1025 1080 1099 tuno
1116 1013 1317 1122 temporis
1353 1015 1545 1098 villarum
1580 1014 1867 1125 predictorum
1902 1025 2046 1102 temen
2078 1023 2193 1107 omni
2212 1023 2275 1107 sio
2298 1024 2350 1110 de
2412 1024 2420 1031 ’

545 1178 552 1183 ·
677 1143 765 1224 iure
787 1151 831 1222 et
850 1135 1070 1247 presertim
1093 1161 1147 1214 ex
1167 1134 1479 1216 consuetudine
1499 1142 1609 1217 terre
1632 1133 1949 1239 Oroooviensis,
1966 1139 2083 1247 quod
2104 1139 2352 1254 ubicuique

679 1267 822 1341 aratur
841 1282 918 1392 pro
938 1250 1195 1337 monasterio
1231 1252 1437 1360 proprijs
1448 1250 1709 1359 sumptibus,
1742 1250 1906 1335 decime
1936 1281 2022 1339 non
2051 1257 2236 1365 pertinet
2269 1286 2350 1341 neo
2384 1263 2397 1281 '

677 1374 890 1457 transitio
914 1369 1138 1505 Gourluom,
1177 1368 1255 1449 sed
1286 1395 1363 1475 pro
1385 1369 1638 1454 monasterio
1677 1367 1848 1473 eodem3
1877 1372 1991 1453 unde
2022 1376 2130 1459 cedo
2161 1376 2221 1458 liu·
2252 1405 2350 1484 pre·

678 1492 810 1593 dio'te,
833 1501 877 1573 et
895 1487 1107 1574 renunoio
1136 1485 1331 1568 omnibus
1371 1484 1733 1599 exceptionibus
1722 1487 1823 1568 iuris
1855 1488 1937 1570 vel
1943 1487 2066 1595 faeti,
2089 1502 2133 1575 et
2153 1472 2349 1577 omnibus

677 1611 767 1692 eliis
801 1553 1154 1691 innovaoionibus
1176 1630 1253 1684 seu
1275 1592 1634 1713 allegueionibus
1644 1603 2053 1717 quomodocunque,
2090 1638 2351 1722 quoeunque

677 1728 804 1813 modo
840 1725 915 1810 vel
940 1722 1109 1807 nomine
1149 1726 1412 1823 censeantur,
1432 1732 1478 1804 et
1496 1722 1594 1807 nolo
1626 1724 1946 1815 ennaremus
1959 1750 2037 1832 per
2067 1752 2153 1830 me,
2184 1727 2252 1810 vel
2272 1756 2350 1835 per

679 1846 806 1927 ali'um
827 1843 895 1927 vel
915 1842 1038 1945 alios,
1071 1848 1220 1924 contro
1238 1842 1447 1947 premisso
1466 1840 1536 1923 vel
1546 1840 1730 1952 aliquod
1761 1841 2081 1949 premissorum,
2111 1843 2284 1952 publioe
2304 1856 2349 1930 et

677 1962 837 2065 oeidte3
875 1987 1003 2068 super
1033 1957 1190 2069 quibus
1222 1956 1418 2042 omnibus
1439 1960 1656 2070 siogestis
1677 1956 1835 2041 ibidem
1856 1967 2002 2042 astans
2023 1959 2264 2074 Religiosus
2285 1964 2348 2045 vlt

677 2080 805 2164 frater
839 2080 1035 2164 dominus
1072 2074 1107 2158 J
1105 2077 1295 2161 ohannes
1326 2086 1575 2187 procurator
1598 2078 1701 2175 dieti
1721 2078 1986 2182 monasterii,
2016 2079 2179 2185 petivit·
2191 2080 2349 2162 dictum

679 2198 913 2283 cessionem
949 2194 1064 2279 litis
1052 2223 1098 2277 ru
1114 2193 1336 2307 publicam
1370 2193 1550 2279 formam
1584 2195 1735 2306 redigi.
1796 2194 1955 2277 Actum
1977 2205 2021 2276 et
2041 2196 2188 2278 datum
2213 2226 2349 2302 aun0,

676 2341 842 2418 mense,
877 2313 971 2398 looo
994 2320 1041 2399 et
1058 2312 1163 2395 horo
1193 2311 1349 2421 quibus
1382 2323 1523 2423 supra
1585 2311 1861 2396 Presentibus
1892 2300 2098 2397 Discretis
2128 2314 2232 2398 viris
2260 2315 2350 2400 Do·

677 2434 812 2527 minis:
851 2431 1052 2515 Johanne
1088 2427 1277 2513 Plebono
1310 2430 1380 2512 de
1396 2428 1650 2514 Seoeclooioz
1671 2427 1746 2542 (⁴),
1775 2429 1937 2513 Allexio
1974 2432 2133 2515 vicario
2172 2433 2351 2514 ecclesie

577 2656 580 2661 ⁴
676 2549 935 2633 kathedralis
973 2547 1287 2646 Utummensis,
1322 2547 1521 2665 Nioolao,
1556 2548 1771 2630 Ermanno
1794 2547 1889 2661 (l)
1877 2557 1919 2629 et
1938 2548 2164 2642 Leonordo
2188 2549 2350 2662 (?·vi)

544 2704 547 2713 ¹
679 2670 801 2759 seriis
835 2668 1013 2750 eoelesie
1043 2667 1182 2747 saneti
1212 2654 1439 2787 Stephani,
1471 2665 1598 2749 Petro
1628 2666 1802 2748 vicario
1811 2666 1865 2747 de
1886 2674 2037 2755 sancto
2067 2667 2299 2769 Floriano,
2306 2675 2350 2748 et

555 2890 559 2897 ⁴
678 2787 881 2872 Redmiro
916 2785 1079 2869 notario
1114 2781 1306 2892 publico,
1328 2811 1380 2865 ac
1402 2782 1493 2863 aliis
1529 2770 1685 2867 multis.
1746 2782 1797 2865 In
1819 2785 1939 2867 cuius
1969 2786 2030 2868 rei
2061 2786 2348 2869 testimonium
2384 2883 2391 2889 .

676 2905 892 3013 predictus
913 2903 1107 2987 dominus
1131 2898 1321 2984 officialis
1344 2902 1464 2983 duxit
1483 2900 1667 3013 sigillum
1689 2926 1814 2983 suum
1833 2892 2101 3012 presentibus
2130 2922 2348 3013 apponen

680 3023 781 3105 dum
802 3022 859 3102 ad
880 3020 1146 3103 euideneiam
1168 3017 1386 3103 meliorem
1406 3045 1458 3099 so
1480 3017 1722 3102 firmitatem
1742 3018 1984 3128 pleniorem.
2095 3044 2098 3049 ·
2401 3078 2405 3083 -

758 3139 841 3222 Et
859 3139 956 3249 Ego
978 3137 1162 3220 Mathiss
1184 3137 1403 3248 quondam
1425 3134 1597 3245 Voyslei
1617 3139 1671 3220 'de
1695 3135 1923 3221 Soesoooroz
1938 3136 1995 3251 (l)
2028 3136 2219 3229 Oleri'ous
2241 3135 2347 3221 Ora
2382 3142 2393 3219 ’,

679 3258 888 3342 oovieusis
918 3256 1156 3365 dyooeseos
1186 3254 1384 3369 publicus
1409 3255 1619 3377 imperiuli
1650 3257 1904 3339 auctoritate
1926 3259 2114 3341 notarius
2122 3255 2348 3369 premissis

678 3375 873 3460 omnibus
899 3380 941 3454 et
959 3373 1138 3484 singulis
1158 3400 1246 3455 une
1265 3398 1364 3455 oum
1382 3366 1669 3485 pronunciatis
1690 3366 1870 3457 testibus
1891 3401 2067 3483 presens
2098 3362 2288 3475 interni,
2307 3381 2351 3455 ot

540 3578 545 3595 ,
680 3522 733 3576 ee
752 3495 795 3576 in
798 3492 960 3573 hano
955 3490 1180 3598 publicam
1215 3489 1395 3575 formam
1430 3492 1601 3628 redegi,
1634 3492 1904 3603 sigillumque
1933 3519 2076 3576 meum
2097 3484 2348 3647 consuetum

560 3608 565 3615 ’
681 3612 862 3751 ap'posui
884 3612 1108 3722 rogatus,
1097 3640 1142 3693 ιιι
1160 3610 1449 3714 testimonium
1470 3611 1781 3719 premissorum
2116 3640 2121 3653 ¹

680 4006 710 4082 R
770 3884 1072 4125 ἑᾋέιίωἰιιήιιοίιι
1096 3864 1175 3991 vill'u
1188 3936 1241 4005 est
1255 3926 1418 4009 territorii
1433 3938 1467 3995 et
1481 3927 1642 4017 regionis
1654 3926 1877 4005 llcussiensis
1907 3948 1986 3996 sure
2004 3924 2182 4013 parochiae
2199 3934 2299 4011 repul
2312 3896 2348 3991 in

608 4088 611 4095 ,
707 4030 776 4101 egn
843 4033 864 4076 o
879 4032 974 4078 omae
