5409 6309
1380 745 1668 855 ..ἥς
1754 757 1852 782 “’

733 942 1217 1102 omniaadprofectum(
1224 949 1431 1096 )d0mus.
1449 980 1562 1067 Oum
1581 1008 1683 1067 vero
1699 981 1885 1068 celebris
1890 1013 2093 1071 memorre
2113 953 2343 1101 imperato
2355 1087 2362 1096 J
2461 959 2464 962 ,
2488 937 2491 942 γ

729 1140 799 1196 res
813 1106 1050 1247 magnifici.
1073 1114 1117 1187 et
1137 1103 1207 1187 alii
1228 1101 1517 1215 gloriosissimi
1536 1127 1664 1210 reges
1684 1105 1964 1212 prescriptam
1980 1106 2154 1191 domum
2165 1113 2343 1229 amplis·
2440 1189 2442 1191 ,

731 1229 845 1316 simis
882 1224 1112 1308 ditauerint
1145 1219 1503 1332 possessionibus.
1526 1228 1571 1300 et
1588 1223 1847 1304 muniuerint
1866 1223 2112 1335 priuilegiis‚
2146 1254 2225 1312 nos
2257 1230 2369 1313 etsi.

612 1439 616 1446 ,
730 1347 790 1428 eis
810 1371 897 1428 non
920 1368 1127 1462 equamur
1148 1340 1317 1450 diuitijs‚
1338 1347 1484 1421 tamen
1504 1362 1581 1444 pro
1601 1347 1888 1447 possenostro
1903 1340 2338 1431 uolumus⁶e1sboatis

726 1452 952 1572 parificare
978 1461 1151 1541 meritis.
1181 1458 1374 1569 Ideoque
1408 1453 1657 1537 indulsimus
1691 1457 1750 1538 eis
1760 1459 1944 1595 ⁸quod
1911 1485 2002 1540 srue
2034 1463 2216 1547 maiores
2247 1467 2353 1549 siue·

727 1582 912 1663 minores
948 1580 992 1660 in
1020 1604 1156 1688 regno
1193 1587 1337 1660 nostro
1375 1573 1592 1659 constituti
1627 1574 1821 1683 proprias
1866 1579 2159 1684 possessiones
2198 1582 2355 1684 eidem¹
2396 1647 2399 1650 -

532 1705 538 1712 ’
674 1753 679 1759 -
730 1698 875 1782 domui
895 1695 1159 1797 contulerint,
1189 1694 1300 1776 uel⁶
1289 1693 1370 1802 ipsi
1402 1690 1567 1801 aliquas
1592 1691 1721 1828 justis
1748 1693 2061 1779 conditionibus
2091 1697 2162 1779 uel
2183 1700 2338 1784 debitis

641 1861 645 1870 ·
725 1815 863 1899 modis
884 1814 1169 1925 acquisierint,
1191 1811 1246 1894 ab
1269 1838 1384 1895 omni
1372 1808 1601 1916 ''prefato
1589 1838 1680 1891 rure
1701 1810 1760 1893 ad
1778 1839 1882 1894 usus
1900 1822 2065 1897 nostros
2085 1815 2156 1897 uel
2169 1827 2337 1905 nostro-

723 1962 818 2017 rum
838 1932 1047 2015 accedent
1030 1941 1084 2032 te.
1120 1930 1358 2012 secundum
1378 1927 1497 2038 quod
1516 1929 1711 2035 superius
1733 1940 1799 2013 est
1820 1919 2145 2018 determinamm
2161 1935 2335 2019 easdem

724 2052 1013 2160 possessiones
1036 2076 1127 2131 esse
1147 2048 1303 2132 liberas
1327 2055 1371 2128 et
1390 2045 1626 2129 absolutas.
1654 2058 1704 2129 ut
1721 2076 1800 2156 per
1819 2051 1930 2131 hanc
1967 2049 2128 2132 indulte
2159 2045 2333 2137 liberta-

721 2170 777 2252 tis
813 2171 1144 2252 concessionem.
1176 2175 1219 2249 et
1251 2165 1445 2249 utilitatis
1467 2162 1591 2247 nobis
1613 2164 1759 2249 debite
1776 2170 2061 2252 vcollationem
2081 2178 2225 2252 nostre
2245 2171 2332 2254 cle·

724 2289 881 2370 mentis
903 2287 1017 2397 apud
1046 2286 1174 2368 deum
1205 2285 1288 2367 et
1276 2286 1426 2395 ipsius
1441 2292 1621 2365 matrem
1657 2287 1808 2366 merita
1842 2288 1927 2369 sint
1956 2285 2254 2371 fauorabiliora
2289 2299 2332 2373 et
2374 2310 2377 2316 ’
2508 2377 2514 2387 J

722 2405 1030 2489 excellentiora.
1043 2403 1103 2486 Ut
1086 2412 1263 2490 tautam
1282 2403 1365 2484 heo
1380 2410 1524 2484 nostre
1536 2404 1751 2484 constitu
1743 2406 1892 2516 ronisp
1863 2406 2026 2520 pagina
2041 2411 2130 2486 tam
2151 2408 2332 2491 serenis-

722 2525 839 2605 simis
858 2522 1154 2631 temporibus
1141 2523 1295 2606 nostris
1316 2548 1446 2631 quam
1483 2517 1634 2600 firtrrris
1669 2520 1799 2604 robur
1835 2525 2015 2606 habeat
2028 2532 2071 2603 et
2090 2521 2333 2609 firmamen-
2470 2601 2476 2616 ,

722 2650 826 2745 tum,
847 2669 943 2723 eam
963 2651 1107 2724 nostre
1142 2640 1412 2754 sublimitatis
1447 2635 1565 2719 bulla
1598 2666 1729 2721 aurea
1761 2638 1981 2725 fecimus
1970 2641 2161 2750 insigniri
2192 2642 2331 2725 distri-

724 2769 792 2842 cte
814 2760 1162 2861 sanccientes,ut
1183 2759 1429 2869 quicunque
1451 2756 1530 2837 has
1545 2755 1764 2846 libertates
1780 2761 1850 2841 uel
1863 2757 2152 2868 indulgentias
2167 2766 2331 2848 temere

722 2879 979 2987 transgressi
1011 2876 1167 2959 fuerint
1186 2877 1257 2959 uel
1278 2903 1330 2958 ea
1350 2903 1436 2985 que
1459 2901 1486 2954 a
1504 2873 1629 2957 nobis
1658 2877 1730 2957 uel
1753 2876 2127 3014 predecessoribus
2158 2880 2326 2961 nostris.

722 2995 792 3080 vel
807 3025 833 3079 a
847 2994 975 3077 fratre
996 3004 1153 3079 nostro.
1159 3045 1162 3050 ,
1185 2994 1256 3077 uel
1291 2993 1346 3076 ab
1386 2993 1478 3075 aliis
1507 2992 1705 3075 fidelibus
1741 2995 1842 3077 uiris
1879 2996 2016 3077 eidem
2053 2994 2197 3076 domui
2232 3005 2334 3078 sunt

722 3113 875 3198 collata
891 3114 1131 3196 uiolenter
1120 3114 1353 3196 maaserint
1336 3110 1443 3193 tuel
1464 3108 1717 3194 abstulerint
1699 3117 1880 3223 t,pena
1912 3115 2061 3196 decern
2092 3140 2329 3196 marcarum
2362 3189 2365 3193 .

622 3226 630 3241 ⁸
722 3233 824 3314 auri.
841 3235 883 3313 in
898 3240 1087 3315 nostram
1104 3258 1318 3314 cameram
1334 3230 1634 3313 soluendamm
1647 3232 1889 3354 pupiantur.
1910 3235 1970 3313 ita
1985 3243 2131 3314 tamen
2150 3240 2200 3312 ut
2213 3231 2330 3340 prius

678 3427 682 3434 ,
719 3348 819 3431 lesis
850 3348 1125 3433 satisfaciant.
1168 3341 1309 3459 Hujus
1349 3350 1413 3429 rei
1451 3356 1584 3430 testes
1624 3355 1737 3431 sunt
1781 3350 1996 3458 Repertus
2034 3346 2328 3431 Olomucensis
2476 3423 2482 3440 ,

616 3549 624 3563 ,
723 3467 958 3608 episcopus,
977 3467 1139 3552 Abbas
1173 3381 1523 3575 cladirubiensis(
1523 3461 1731 3570 PJAbbas
1752 3465 2113 3573 Welegradensis.
2135 3458 2329 3547 Bararus

623 3617 630 3642 ·
721 3590 989 3669 camerarius.
1023 3585 1181 3669 Zauisa
1217 3584 1471 3667 castellanus
1509 3579 1803 3664 olomucensis.
1849 3580 2131 3665 Ohistiborius
2173 3581 2328 3664 castel-

670 3761 674 3770 ·
718 3704 839 3787 lanus
874 3703 1171 3815 preroviensis.
1206 3701 1418 3783 Zrdizlaus
1450 3695 1627 3804 dapifer.
1659 3697 1798 3783 Weliz
1832 3699 1973 3781 iudex.
2007 3697 2194 3809 Zpitata.
2226 3699 2328 3784 Zla-

555 3857 561 3874 .
719 3831 846 3904 weta.
878 3821 1071 3929 magistri
1100 3821 1368 3900 cenaturum.
1403 3816 1544 3901 Jaros.
1568 3815 1739 3901 ¹Boruta
1771 3818 2028 3902 castellanus
2062 3817 2117 3899 de
2143 3817 2326 3927 podwin.

718 3949 761 4050 et
779 3939 888 4019 filius
912 3938 1001 4044 ejus
1022 3936 1196 4020 Boruta.
1218 3935 1396 4048 Witigo.
1421 3945 1463 4019 et
1482 3934 1611 4017 frater
1628 3937 1718 4044 ejus
1734 3937 1959 4021 Henricus.
1992 3933 2210 4020 Groznata
2223 3936 2328 4017 sub-

718 4055 975 4137 camerarius
1004 4056 1170 4165 regni.
1165 4053 1429 4165 Boguzlaus
1450 4055 1560 4136 filius
1582 4054 1814 4139 zlaukonis.
1838 4053 2087 4163 Stephanus
2117 4054 2169 4135 de
2193 4052 2327 4136 Medi-

717 4169 791 4256 loo.
822 4173 1118 4256 Emmeramus
1149 4174 1205 4255 de
1236 4172 1438 4256 bortoror'z
1492 4166 1607 4254 Ones
1631 4174 1887 4255 castellanus
1910 4170 2203 4278 olomucensis.
2235 4170 2326 4254 Lu·

716 4292 791 4375 der
813 4301 858 4399 et
876 4289 1064 4382 frater⁶
1027 4319 1117 4400 eJus
1138 4292 1234 4405 Nep
1235 4290 1319 4373 lah.
1353 4289 1599 4376 Gerhardus
1633 4291 1687 4371 de
1718 4286 1922 4382 Zbrazlco.
1953 4288 2107 4372 Adlart
2126 4286 2236 4374 filius
2256 4315 2325 4372 ra·

669 4439 672 4446 ⁴
716 4412 846 4494 zonis.
864 4410 1038 4521 Wogna
1059 4411 1111 4493 de
1128 4409 1299 4491 districz.
1311 4410 1588 4521 presmirus(.
1576 4405 1614 4516 ⁹)
1633 4393 1888 4491 castellanus
1909 4406 2176 4494 znoimensis.
2209 4405 2325 4491 Eck·

676 4567 679 4572 >
718 4527 967 4611 charduset
985 4527 1117 4610 stater
1154 4527 1243 4638 ejus
1278 4527 1484 4610 hardibus
1519 4527 1744 4624 castellani
1768 4526 2066 4610 Znoimenses.
2106 4523 2258 4608 Petrus
2281 4530 2327 4604 et

672 4683 678 4690 ·
713 4639 901 4725 frater⁶
865 4673 955 4752 eJus
979 4646 1156 4733 Zwoisc.
1193 4646 1359 4731 Ulricus
1380 4645 1522 4730 filius
1511 4643 1662 4730 runicis.
1691 4645 1865 4729 Holadh
1880 4644 2166 4753 subpincerna
2184 4641 2321 4751 regni.

636 4799 641 4805 ·
712 4758 870 4859 Actum
882 4760 1080 4846 Olomucr'i
1093 4793 1204 4849 anno
1228 4766 1439 4848 dominice
1460 4766 1775 4849 incarnationis.
1807 4758 1878 4845 M⁰.
1898 4759 2176 4847 00⁰.XX11⁰.
2204 4757 2318 4844 V110.

758 4932 803 5014 (⁴)
824 4931 863 4998 In
877 4928 1059 5018 archetypo
1075 4931 1212 4997 verbum
1227 4931 1463 5000 abbreviatumz
1485 4938 1580 5025 psam,
1596 4931 1775 5001 Slawifiski
1789 4932 1838 4997 sic
1852 4929 1944 5016 legit.
1979 5033 1984 5040 ί
