<?xml version="1.0" encoding="UTF-8"?>
<!DOCTYPE html PUBLIC "-//W3C//DTD XHTML 1.0 Transitional//EN"
    "http://www.w3.org/TR/xhtml1/DTD/xhtml1-transitional.dtd">
<html xmlns="http://www.w3.org/1999/xhtml" xml:lang="en" lang="en">
 <head>
  <title>
</title>
<meta http-equiv="Content-Type" content="text/html;charset=utf-8" />
  <meta name='ocr-system' content='tesseract 3.04.00' />
  <meta name='ocr-capabilities' content='ocr_page ocr_carea ocr_par ocr_line ocrx_word'/>
</head>
<body>
  <div class='ocr_page' id='page_1' title='image "./codexdiplomatic00bobogoog_0197.png"; bbox 0 0 5409 6309; ppageno 0'>
   <div class='ocr_carea' id='block_1_1' title="bbox 627 1227 1651 1623">
    <p class='ocr_par' dir='ltr' id='par_1_1' title="bbox 627 1227 1651 1623">
     <span class='ocr_line' id='line_1_1' title="bbox 1080 1227 1284 1382; baseline 0.01 -2.068"><span class='ocrx_word' id='word_1_1' title='bbox 1080 1227 1284 1382; x_wconf 83' lang='lat' dir='ltr'>uxvru</span> 
     </span>
     <span class='ocr_line' id='line_1_2' title="bbox 627 1514 1651 1623; baseline 0.006 -23"><span class='ocrx_word' id='word_1_2' title='bbox 627 1583 629 1588; x_wconf 66' lang='grc'>,</span> <span class='ocrx_word' id='word_1_3' title='bbox 708 1516 1021 1620; x_wconf 58' lang='lat' dir='ltr'>sesamae</span> <span class='ocrx_word' id='word_1_4' title='bbox 1036 1559 1086 1578; x_wconf 90' lang='lat'>-</span> <span class='ocrx_word' id='word_1_5' title='bbox 1103 1519 1144 1603; x_wconf 80' lang='lat'>4</span> <span class='ocrx_word' id='word_1_6' title='bbox 1160 1518 1303 1623; x_wconf 65' lang='lat' dir='ltr'>aran</span> <span class='ocrx_word' id='word_1_7' title='bbox 1318 1514 1465 1605; x_wconf 76' lang='lat' dir='ltr'>mo</span> <span class='ocrx_word' id='word_1_8' title='bbox 1484 1538 1651 1605; x_wconf 74' lang='lat' dir='ltr'>mo.</span> 
     </span>
    </p>
   </div>
   <div class='ocr_carea' id='block_1_2' title="bbox 364 1681 1997 1934">
    <p class='ocr_par' dir='ltr' id='par_1_2' title="bbox 364 1681 1997 1934">
     <span class='ocr_line' id='line_1_3' title="bbox 364 1681 1997 1833; baseline 0.006 -25"><span class='ocrx_word' id='word_1_9' title='bbox 364 1734 620 1808; x_wconf 70' lang='lat' dir='ltr'>mura·-</span> <span class='ocrx_word' id='word_1_10' title='bbox 636 1681 1997 1833; x_wconf 56' lang='lat' dir='ltr'>manuasonaruaojmamummuuauuusappu</span> 
     </span>
     <span class='ocr_line' id='line_1_4' title="bbox 448 1834 1911 1934; baseline -0.001 -23"><span class='ocrx_word' id='word_1_11' title='bbox 448 1837 882 1928; x_wconf 61' lang='lat' dir='ltr'>membranarum</span> <span class='ocrx_word' id='word_1_12' title='bbox 895 1834 1101 1910; x_wconf 64' lang='lat' dir='ltr'>munionis</span> <span class='ocrx_word' id='word_1_13' title='bbox 1116 1836 1270 1927; x_wconf 65' lang='lat' dir='ltr'>ruina,</span> <span class='ocrx_word' id='word_1_14' title='bbox 1295 1838 1437 1932; x_wconf 71' lang='lat' dir='ltr'>episcopo</span> <span class='ocrx_word' id='word_1_15' title='bbox 1450 1840 1640 1914; x_wconf 73' lang='lat' dir='ltr'>caunensi</span> <span class='ocrx_word' id='word_1_16' title='bbox 1654 1841 1843 1934; x_wconf 66' lang='lat' dir='ltr'>mnemia</span> <span class='ocrx_word' id='word_1_17' title='bbox 1857 1844 1911 1927; x_wconf 85' lang='lat'><strong>(¹).</strong></span> 
     </span>
    </p>
   </div>
   <div class='ocr_carea' id='block_1_3' title="bbox 124 2035 2259 4395">
    <p class='ocr_par' dir='ltr' id='par_1_3' title="bbox 345 2035 2259 2275">
     <span class='ocr_line' id='line_1_5' title="bbox 449 2035 2046 2158; baseline 0.004 -34"><span class='ocrx_word' id='word_1_18' title='bbox 449 2035 775 2156; x_wconf 77' lang='lat' dir='ltr'>dohannesDei</span> <span class='ocrx_word' id='word_1_19' title='bbox 798 2042 946 2152; x_wconf 80' lang='lat' dir='ltr'>gracia</span> <span class='ocrx_word' id='word_1_20' title='bbox 966 2039 1206 2152; x_wconf 80' lang='lat' dir='ltr'>Episcopus</span> <span class='ocrx_word' id='word_1_21' title='bbox 1229 2041 1525 2127; x_wconf 82' lang='lat' dir='ltr'>Oracoviensis</span> <span class='ocrx_word' id='word_1_22' title='bbox 1549 2044 1616 2158; x_wconf 69' lang='lat'>(²),</span> <span class='ocrx_word' id='word_1_23' title='bbox 1638 2046 1844 2130; x_wconf 90' lang='lat' dir='ltr'>universis</span> <span class='ocrx_word' id='word_1_24' title='bbox 1867 2058 1910 2131; x_wconf 89' lang='lat' dir='ltr'>et</span> <span class='ocrx_word' id='word_1_25' title='bbox 1929 2051 2015 2131; x_wconf 87' lang='lat' dir='ltr'>sin·</span> <span class='ocrx_word' id='word_1_26' title='bbox 2041 2085 2046 2094; x_wconf 62' lang='lat'><em>¹</em></span> 
     </span>
     <span class='ocr_line' id='line_1_6' title="bbox 345 2159 2259 2275; baseline 0.005 -34"><span class='ocrx_word' id='word_1_27' title='bbox 345 2160 474 2272; x_wconf 82' lang='lat' dir='ltr'>gulis,</span> <span class='ocrx_word' id='word_1_28' title='bbox 505 2171 594 2243; x_wconf 90' lang='lat' dir='ltr'>tam</span> <span class='ocrx_word' id='word_1_29' title='bbox 610 2160 896 2270; x_wconf 83' lang='lat' dir='ltr'><strong>&#39;presentibus</strong></span> <span class='ocrx_word' id='word_1_30' title='bbox 919 2189 1047 2271; x_wconf 84' lang='lat' dir='ltr'>quarn</span> <span class='ocrx_word' id='word_1_31' title='bbox 1070 2159 1223 2244; x_wconf 83' lang='lat' dir='ltr'>firturis</span> <span class='ocrx_word' id='word_1_32' title='bbox 1241 2162 1419 2272; x_wconf 89' lang='lat' dir='ltr'>salutern</span> <span class='ocrx_word' id='word_1_33' title='bbox 1441 2165 1484 2243; x_wconf 93' lang='lat' dir='ltr'>in</span> <span class='ocrx_word' id='word_1_34' title='bbox 1507 2164 1675 2247; x_wconf 90' lang='lat' dir='ltr'>domino</span> <span class='ocrx_word' id='word_1_35' title='bbox 1706 2168 2017 2275; x_wconf 87' lang='lat' dir='ltr'>sempiternam,</span> <span class='ocrx_word' id='word_1_36' title='bbox 2110 2245 2118 2256; x_wconf 76' lang='grc'>,</span> <span class='ocrx_word' id='word_1_37' title='bbox 2252 2171 2259 2190; x_wconf 80' lang='grc'><em>“</em></span> 
     </span>
    </p>

    <p class='ocr_par' dir='ltr' id='par_1_4' title="bbox 344 2269 2017 2628">
     <span class='ocr_line' id='line_1_7' title="bbox 347 2269 2015 2392; baseline 0.004 -30"><span class='ocrx_word' id='word_1_38' title='bbox 347 2290 389 2362; x_wconf 85' lang='lat' dir='ltr'>et</span> <span class='ocrx_word' id='word_1_39' title='bbox 408 2280 608 2385; x_wconf 79' lang='lat' dir='ltr'>noticiam</span> <span class='ocrx_word' id='word_1_40' title='bbox 630 2269 978 2386; x_wconf 85' lang='lat' dir='ltr'>subscriptoiurn.</span> <span class='ocrx_word' id='word_1_41' title='bbox 1012 2278 1076 2361; x_wconf 88' lang='lat' dir='ltr'>Ne</span> <span class='ocrx_word' id='word_1_42' title='bbox 1101 2310 1169 2380; x_wconf 84' lang='lat' dir='ltr'>ea,</span> <span class='ocrx_word' id='word_1_43' title='bbox 1191 2308 1277 2391; x_wconf 92' lang='lat' dir='ltr'>que</span> <span class='ocrx_word' id='word_1_44' title='bbox 1298 2279 1467 2390; x_wconf 90' lang='lat' dir='ltr'>puplice</span> <span class='ocrx_word' id='word_1_45' title='bbox 1485 2277 1582 2392; x_wconf 83' lang='lat' dir='ltr'>(sic)</span> <span class='ocrx_word' id='word_1_46' title='bbox 1605 2294 1810 2392; x_wconf 82' lang='lat' dir='ltr'>aguntur,</span> <span class='ocrx_word' id='word_1_47' title='bbox 1831 2287 1876 2365; x_wconf 91' lang='lat' dir='ltr'>in</span> <span class='ocrx_word' id='word_1_48' title='bbox 1896 2311 2015 2370; x_wconf 86' lang='lat' dir='ltr'>scru-</span> 
     </span>
     <span class='ocr_line' id='line_1_8' title="bbox 344 2393 2017 2508; baseline 0.004 -30"><span class='ocrx_word' id='word_1_49' title='bbox 344 2393 490 2504; x_wconf 89' lang='lat' dir='ltr'>pulum</span> <span class='ocrx_word' id='word_1_50' title='bbox 526 2398 711 2506; x_wconf 88' lang='lat' dir='ltr'>recidive</span> <span class='ocrx_word' id='word_1_51' title='bbox 748 2397 982 2507; x_wconf 79' lang='lat' dir='ltr'>questionis</span> <span class='ocrx_word' id='word_1_52' title='bbox 1018 2399 1185 2480; x_wconf 82' lang='lat' dir='ltr'>malicia</span> <span class='ocrx_word' id='word_1_53' title='bbox 1222 2424 1299 2494; x_wconf 88' lang='lat' dir='ltr'>seu</span> <span class='ocrx_word' id='word_1_54' title='bbox 1336 2397 1432 2482; x_wconf 93' lang='lat' dir='ltr'>dolo</span> <span class='ocrx_word' id='word_1_55' title='bbox 1480 2402 1716 2508; x_wconf 89' lang='lat' dir='ltr'>cuiuspiam</span> <span class='ocrx_word' id='word_1_56' title='bbox 1759 2402 2017 2508; x_wconf 80' lang='lat' dir='ltr'>relabantrn·&#39;,</span> 
     </span>
     <span class='ocr_line' id='line_1_9' title="bbox 345 2505 2017 2628; baseline 0.004 -32"><span class='ocrx_word' id='word_1_57' title='bbox 345 2505 531 2596; x_wconf 79' lang='lat' dir='ltr'>assolent</span> <span class='ocrx_word' id='word_1_58' title='bbox 561 2517 716 2624; x_wconf 90' lang='lat' dir='ltr'>scripto</span> <span class='ocrx_word' id='word_1_59' title='bbox 740 2527 783 2596; x_wconf 89' lang='lat' dir='ltr'>et</span> <span class='ocrx_word' id='word_1_60' title='bbox 803 2516 1042 2596; x_wconf 89' lang='lat' dir='ltr'>testimonio</span> <span class='ocrx_word' id='word_1_61' title='bbox 1086 2519 1255 2625; x_wconf 91' lang='lat' dir='ltr'>apicum</span> <span class='ocrx_word' id='word_1_62' title='bbox 1287 2507 1554 2623; x_wconf 60' lang='lat' dir='ltr'>p&#39;erhennari.</span> <span class='ocrx_word' id='word_1_63' title='bbox 1606 2517 1788 2601; x_wconf 83' lang='lat' dir='ltr'>Proinde</span> <span class='ocrx_word' id='word_1_64' title='bbox 1811 2532 1898 2602; x_wconf 91' lang='lat' dir='ltr'>tarn</span> <span class='ocrx_word' id='word_1_65' title='bbox 1918 2548 2017 2628; x_wconf 88' lang='lat' dir='ltr'>pre-</span> 
     </span>
    </p>

    <p class='ocr_par' dir='ltr' id='par_1_5' title="bbox 344 2630 2163 3208">
     <span class='ocr_line' id='line_1_10' title="bbox 346 2630 2163 2748; baseline 0.004 -35"><span class='ocrx_word' id='word_1_66' title='bbox 346 2659 443 2713; x_wconf 88' lang='lat' dir='ltr'>sens</span> <span class='ocrx_word' id='word_1_67' title='bbox 467 2643 557 2715; x_wconf 89' lang='lat' dir='ltr'>etas</span> <span class='ocrx_word' id='word_1_68' title='bbox 581 2635 747 2715; x_wconf 84' lang='lat' dir='ltr'>noverit</span> <span class='ocrx_word' id='word_1_69' title='bbox 767 2661 897 2743; x_wconf 90' lang='lat' dir='ltr'>quam</span> <span class='ocrx_word' id='word_1_70' title='bbox 920 2630 1079 2735; x_wconf 73' lang='lat' dir='ltr'>fruma,</span> <span class='ocrx_word' id='word_1_71' title='bbox 1112 2633 1229 2746; x_wconf 92' lang='lat' dir='ltr'>quod</span> <span class='ocrx_word' id='word_1_72' title='bbox 1250 2643 1444 2716; x_wconf 85' lang='lat' dir='ltr'>vertente</span> <span class='ocrx_word' id='word_1_73' title='bbox 1466 2663 1600 2718; x_wconf 89' lang='lat' dir='ltr'>eausa</span> <span class='ocrx_word' id='word_1_74' title='bbox 1621 2646 1664 2717; x_wconf 87' lang='lat' dir='ltr'>et</span> <span class='ocrx_word' id='word_1_75' title='bbox 1682 2637 1754 2720; x_wconf 88' lang='lat' dir='ltr'>lite</span> <span class='ocrx_word' id='word_1_76' title='bbox 1776 2664 1904 2748; x_wconf 85' lang='lat' dir='ltr'>super</span> <span class='ocrx_word' id='word_1_77' title='bbox 1925 2639 2017 2720; x_wconf 88' lang='lat' dir='ltr'>iure</span> <span class='ocrx_word' id='word_1_78' title='bbox 2158 2653 2163 2662; x_wconf 85' lang='lat'>&#39;</span> 
     </span>
     <span class='ocr_line' id='line_1_11' title="bbox 345 2750 2015 2860; baseline 0.005 -30"><span class='ocrx_word' id='word_1_79' title='bbox 345 2760 594 2860; x_wconf 87' lang='lat' dir='ltr'>patronatus</span> <span class='ocrx_word' id='word_1_80' title='bbox 618 2763 661 2832; x_wconf 88' lang='lat' dir='ltr'>et</span> <span class='ocrx_word' id='word_1_81' title='bbox 680 2751 1013 2860; x_wconf 86' lang='lat' dir='ltr'>presentacionis</span> <span class='ocrx_word' id='word_1_82' title='bbox 1037 2752 1214 2858; x_wconf 78' lang='lat' dir='ltr'>ecclesie</span> <span class='ocrx_word' id='word_1_83' title='bbox 1238 2764 1386 2836; x_wconf 87' lang='lat' dir='ltr'>sancte</span> <span class='ocrx_word' id='word_1_84' title='bbox 1409 2750 1541 2836; x_wconf 83' lang='lat' dir='ltr'>Maria</span> <span class='ocrx_word' id='word_1_85' title='bbox 1565 2754 1737 2836; x_wconf 86' lang='lat' dir='ltr'>devilia</span> <span class='ocrx_word' id='word_1_86' title='bbox 1760 2751 1884 2859; x_wconf 69' lang='lat' dir='ltr'>Coie,</span> <span class='ocrx_word' id='word_1_87' title='bbox 1906 2757 2015 2839; x_wconf 90' lang='lat' dir='ltr'>inter</span> 
     </span>
     <span class='ocr_line' id='line_1_12' title="bbox 344 2868 2017 2957; baseline 0.004 -8"><span class='ocrx_word' id='word_1_88' title='bbox 344 2869 611 2951; x_wconf 87' lang='lat' dir='ltr'>honorabiles</span> <span class='ocrx_word' id='word_1_89' title='bbox 648 2873 786 2952; x_wconf 89' lang='lat' dir='ltr'>viros..</span> <span class='ocrx_word' id='word_1_90' title='bbox 825 2868 1028 2949; x_wconf 83' lang='lat' dir='ltr'>abbatem</span> <span class='ocrx_word' id='word_1_91' title='bbox 1060 2882 1103 2951; x_wconf 91' lang='lat' dir='ltr'>et</span> <span class='ocrx_word' id='word_1_92' title='bbox 1134 2896 1256 2949; x_wconf 90' lang='lat' dir='ltr'>suurn</span> <span class='ocrx_word' id='word_1_93' title='bbox 1289 2882 1547 2953; x_wconf 87' lang='lat' dir='ltr'>conventum</span> <span class='ocrx_word' id='word_1_94' title='bbox 1583 2874 1828 2954; x_wconf 87' lang='lat' dir='ltr'>monasterii</span> <span class='ocrx_word' id='word_1_95' title='bbox 1867 2875 2017 2957; x_wconf 90' lang='lat' dir='ltr'>domus</span> 
     </span>
     <span class='ocr_line' id='line_1_13' title="bbox 346 2984 2014 3094; baseline 0.004 -25"><span class='ocrx_word' id='word_1_96' title='bbox 346 2984 591 3088; x_wconf 84' lang='lat' dir='ltr'>Oiricensis,</span> <span class='ocrx_word' id='word_1_97' title='bbox 623 2988 779 3071; x_wconf 89' lang='lat' dir='ltr'>ordinis</span> <span class='ocrx_word' id='word_1_98' title='bbox 812 2986 1155 3069; x_wconf 83' lang='lat' dir='ltr'>Cisterciensium</span> <span class='ocrx_word' id='word_1_99' title='bbox 1177 3013 1228 3067; x_wconf 84' lang='lat' dir='ltr'>ex</span> <span class='ocrx_word' id='word_1_100' title='bbox 1249 3014 1335 3065; x_wconf 91' lang='lat' dir='ltr'>una</span> <span class='ocrx_word' id='word_1_101' title='bbox 1356 2997 1495 3094; x_wconf 87' lang='lat' dir='ltr'>parte,</span> <span class='ocrx_word' id='word_1_102' title='bbox 1518 2997 1562 3068; x_wconf 93' lang='lat' dir='ltr'>et</span> <span class='ocrx_word' id='word_1_103' title='bbox 1580 2987 1810 3070; x_wconf 89' lang='lat' dir='ltr'>Ratoldum</span> <span class='ocrx_word' id='word_1_104' title='bbox 1842 2988 2014 3076; x_wconf 87' lang='lat' dir='ltr'>militem</span> 
     </span>
     <span class='ocr_line' id='line_1_14' title="bbox 344 3101 2015 3208; baseline 0.002 -23"><span class='ocrx_word' id='word_1_105' title='bbox 344 3102 474 3185; x_wconf 90' lang='lat' dir='ltr'>filium</span> <span class='ocrx_word' id='word_1_106' title='bbox 497 3104 649 3186; x_wconf 90' lang='lat' dir='ltr'>nobilis</span> <span class='ocrx_word' id='word_1_107' title='bbox 670 3106 747 3186; x_wconf 91' lang='lat' dir='ltr'>viri</span> <span class='ocrx_word' id='word_1_108' title='bbox 769 3101 978 3184; x_wconf 76' lang='lat' dir='ltr'>dohannis</span> <span class='ocrx_word' id='word_1_109' title='bbox 1017 3103 1118 3184; x_wconf 89' lang='lat' dir='ltr'>dicti</span> <span class='ocrx_word' id='word_1_110' title='bbox 1139 3101 1249 3204; x_wconf 87' lang='lat' dir='ltr'>Zila‚</span> <span class='ocrx_word' id='word_1_111' title='bbox 1273 3132 1323 3184; x_wconf 84' lang='lat' dir='ltr'>ex</span> <span class='ocrx_word' id='word_1_112' title='bbox 1345 3103 1500 3208; x_wconf 82' lang='lat' dir='ltr'>altera3</span> <span class='ocrx_word' id='word_1_113' title='bbox 1532 3101 1705 3186; x_wconf 87' lang='lat' dir='ltr'>tandem</span> <span class='ocrx_word' id='word_1_114' title='bbox 1729 3105 1783 3185; x_wconf 91' lang='lat' dir='ltr'>de</span> <span class='ocrx_word' id='word_1_115' title='bbox 1804 3132 2015 3189; x_wconf 88' lang='lat' dir='ltr'>consensu</span> 
     </span>
    </p>

    <p class='ocr_par' dir='ltr' id='par_1_6' title="bbox 149 3220 2093 3331">
     <span class='ocr_line' id='line_1_15' title="bbox 149 3220 2093 3331; baseline -0.002 -25"><span class='ocrx_word' id='word_1_116' title='bbox 149 3296 156 3306; x_wconf 91' lang='lat'><em>.</em></span> <span class='ocrx_word' id='word_1_117' title='bbox 346 3224 559 3306; x_wconf 89' lang='lat' dir='ltr'>communi</span> <span class='ocrx_word' id='word_1_118' title='bbox 581 3230 623 3302; x_wconf 84' lang='lat' dir='ltr'>et</span> <span class='ocrx_word' id='word_1_119' title='bbox 642 3220 859 3304; x_wconf 83' lang='lat' dir='ltr'>voluntate</span> <span class='ocrx_word' id='word_1_120' title='bbox 880 3221 1071 3328; x_wconf 90' lang='lat' dir='ltr'>parcium</span> <span class='ocrx_word' id='word_1_121' title='bbox 1081 3281 1096 3322; x_wconf 22' lang='lat'>‚1</span> <span class='ocrx_word' id='word_1_122' title='bbox 1114 3220 1283 3304; x_wconf 88' lang='lat' dir='ltr'>decreto</span> <span class='ocrx_word' id='word_1_123' title='bbox 1306 3223 1415 3302; x_wconf 89' lang='lat' dir='ltr'>scire</span> <span class='ocrx_word' id='word_1_124' title='bbox 1436 3232 1578 3305; x_wconf 88' lang='lat' dir='ltr'>nostro</span> <span class='ocrx_word' id='word_1_125' title='bbox 1601 3220 1720 3331; x_wconf 81' lang='lat' dir='ltr'>(sic),</span> <span class='ocrx_word' id='word_1_126' title='bbox 1742 3224 2015 3331; x_wconf 82' lang='lat' dir='ltr'>compromis-</span> <span class='ocrx_word' id='word_1_127' title='bbox 2089 3291 2093 3296; x_wconf 94' lang='lat'>.</span> 
     </span>
    </p>

    <p class='ocr_par' dir='ltr' id='par_1_7' title="bbox 124 3335 2068 4278">
     <span class='ocr_line' id='line_1_16' title="bbox 124 3335 2068 3450; baseline -0.001 -28"><span class='ocrx_word' id='word_1_128' title='bbox 124 3347 130 3354; x_wconf 89' lang='lat'>&#39;</span> <span class='ocrx_word' id='word_1_129' title='bbox 198 3361 242 3385; x_wconf 86' lang='grc'>·’</span> <span class='ocrx_word' id='word_1_130' title='bbox 346 3368 441 3422; x_wconf 91' lang='lat' dir='ltr'>sum</span> <span class='ocrx_word' id='word_1_131' title='bbox 462 3339 621 3421; x_wconf 85' lang='lat' dir='ltr'>exstitit</span> <span class='ocrx_word' id='word_1_132' title='bbox 640 3340 683 3419; x_wconf 89' lang='lat' dir='ltr'>in</span> <span class='ocrx_word' id='word_1_133' title='bbox 706 3337 896 3421; x_wconf 90' lang='lat' dir='ltr'>dominos</span> <span class='ocrx_word' id='word_1_134' title='bbox 918 3337 1196 3450; x_wconf 87' lang='lat' dir='ltr'>honorabiles:</span> <span class='ocrx_word' id='word_1_135' title='bbox 1230 3335 1484 3450; x_wconf 83' lang='lat' dir='ltr'>Magistrum</span> <span class='ocrx_word' id='word_1_136' title='bbox 1507 3340 1706 3422; x_wconf 83' lang='lat' dir='ltr'>videlicet</span> <span class='ocrx_word' id='word_1_137' title='bbox 1740 3339 2015 3422; x_wconf 88' lang='lat' dir='ltr'>Franciscum</span> <span class='ocrx_word' id='word_1_138' title='bbox 2065 3389 2068 3395; x_wconf 31' lang='grc' dir='ltr'><strong><em>ι</em></strong></span> 
     </span>
     <span class='ocr_line' id='line_1_17' title="bbox 240 3454 2024 3570; baseline -0.002 -28"><span class='ocrx_word' id='word_1_139' title='bbox 240 3551 244 3560; x_wconf 55' lang='grc'><em>,</em></span> <span class='ocrx_word' id='word_1_140' title='bbox 348 3455 658 3542; x_wconf 84' lang='lat' dir='ltr'>Cancellarium</span> <span class='ocrx_word' id='word_1_141' title='bbox 681 3455 871 3559; x_wconf 87' lang='lat' dir='ltr'>ecclesie,</span> <span class='ocrx_word' id='word_1_142' title='bbox 892 3455 1164 3565; x_wconf 81' lang='lat' dir='ltr'>Regboldum</span> <span class='ocrx_word' id='word_1_143' title='bbox 1188 3454 1267 3568; x_wconf 62' lang='lat' dir='ltr'>(id)</span> <span class='ocrx_word' id='word_1_144' title='bbox 1305 3457 1664 3566; x_wconf 86' lang='lat' dir='ltr'>archydiaconum</span> <span class='ocrx_word' id='word_1_145' title='bbox 1701 3455 2024 3570; x_wconf 49' lang='lat' dir='ltr'>Sandomirien·‘</span> 
     </span>
     <span class='ocr_line' id='line_1_18' title="bbox 346 3570 2014 3678; baseline -0.002 -18"><span class='ocrx_word' id='word_1_146' title='bbox 346 3604 436 3660; x_wconf 87' lang='lat' dir='ltr'>sem</span> <span class='ocrx_word' id='word_1_147' title='bbox 454 3573 694 3670; x_wconf 87' lang='lat' dir='ltr'>Canonicos</span> <span class='ocrx_word' id='word_1_148' title='bbox 708 3570 1044 3656; x_wconf 81' lang='lat' dir='ltr'>Craceovienses</span> <span class='ocrx_word' id='word_1_149' title='bbox 1063 3583 1106 3654; x_wconf 88' lang='lat' dir='ltr'>et</span> <span class='ocrx_word' id='word_1_150' title='bbox 1124 3572 1347 3657; x_wconf 86' lang='lat' dir='ltr'>Sdeslaum</span> <span class='ocrx_word' id='word_1_151' title='bbox 1366 3576 1710 3656; x_wconf 83' lang='lat' dir='ltr'>archidiaconum</span> <span class='ocrx_word' id='word_1_152' title='bbox 1728 3573 2014 3678; x_wconf 83' lang='lat' dir='ltr'>Lubliensem‚</span> 
     </span>
     <span class='ocr_line' id='line_1_19' title="bbox 279 3691 2044 3806; baseline 0 -31"><span class='ocrx_word' id='word_1_153' title='bbox 279 3787 282 3793; x_wconf 25' lang='lat'><strong><em>¹</em></strong></span> <span class='ocrx_word' id='word_1_154' title='bbox 347 3696 422 3805; x_wconf 92' lang='lat' dir='ltr'>qui</span> <span class='ocrx_word' id='word_1_155' title='bbox 439 3693 594 3776; x_wconf 90' lang='lat' dir='ltr'>domini</span> <span class='ocrx_word' id='word_1_156' title='bbox 625 3691 819 3802; x_wconf 85' lang='lat' dir='ltr'>partibus</span> <span class='ocrx_word' id='word_1_157' title='bbox 849 3692 1074 3776; x_wconf 87' lang='lat' dir='ltr'>terminum</span> <span class='ocrx_word' id='word_1_158' title='bbox 1096 3692 1151 3772; x_wconf 87' lang='lat' dir='ltr'>ad</span> <span class='ocrx_word' id='word_1_159' title='bbox 1172 3693 1435 3774; x_wconf 87' lang='lat' dir='ltr'>sentenciam</span> <span class='ocrx_word' id='word_1_160' title='bbox 1468 3702 1777 3806; x_wconf 85' lang='lat' dir='ltr'>competentem</span> <span class='ocrx_word' id='word_1_161' title='bbox 1799 3693 2016 3803; x_wconf 82' lang='lat' dir='ltr'>prefinga-</span> <span class='ocrx_word' id='word_1_162' title='bbox 2041 3787 2044 3794; x_wconf 25' lang='lat'><strong><em>¹</em></strong></span> 
     </span>
     <span class='ocr_line' id='line_1_20' title="bbox 345 3805 2013 3923; baseline -0.001 -31"><span class='ocrx_word' id='word_1_163' title='bbox 345 3822 443 3894; x_wconf 88' lang='lat' dir='ltr'>runt</span> <span class='ocrx_word' id='word_1_164' title='bbox 463 3810 560 3923; x_wconf 84' lang='lat' dir='ltr'>(sic)</span> <span class='ocrx_word' id='word_1_165' title='bbox 583 3805 864 3892; x_wconf 67' lang='lat' dir='ltr'>audiendam.⁴</span> <span class='ocrx_word' id='word_1_166' title='bbox 892 3807 1006 3893; x_wconf 87' lang='lat' dir='ltr'>Infra</span> <span class='ocrx_word' id='word_1_167' title='bbox 1027 3810 1251 3892; x_wconf 90' lang='lat' dir='ltr'>terminum</span> <span class='ocrx_word' id='word_1_168' title='bbox 1273 3810 1334 3892; x_wconf 90' lang='lat' dir='ltr'>sic</span> <span class='ocrx_word' id='word_1_169' title='bbox 1356 3810 1564 3917; x_wconf 82' lang='lat' dir='ltr'>prefixum</span> <span class='ocrx_word' id='word_1_170' title='bbox 1582 3820 1727 3919; x_wconf 89' lang='lat' dir='ltr'>partes</span> <span class='ocrx_word' id='word_1_171' title='bbox 1749 3839 1825 3918; x_wconf 89' lang='lat' dir='ltr'>per</span> <span class='ocrx_word' id='word_1_172' title='bbox 1847 3836 1892 3891; x_wconf 88' lang='lat' dir='ltr'>se</span> <span class='ocrx_word' id='word_1_173' title='bbox 1913 3813 2013 3920; x_wconf 83' lang='lat' dir='ltr'>sirn-</span> 
     </span>
     <span class='ocr_line' id='line_1_21' title="bbox 346 3928 2014 4039; baseline -0.002 -27"><span class='ocrx_word' id='word_1_174' title='bbox 346 3931 506 4039; x_wconf 87' lang='lat' dir='ltr'>pliciter</span> <span class='ocrx_word' id='word_1_175' title='bbox 527 3939 570 4011; x_wconf 91' lang='lat' dir='ltr'>et</span> <span class='ocrx_word' id='word_1_176' title='bbox 589 3957 694 4038; x_wconf 90' lang='lat' dir='ltr'>pure</span> <span class='ocrx_word' id='word_1_177' title='bbox 714 3929 893 4009; x_wconf 87' lang='lat' dir='ltr'>veritate</span> <span class='ocrx_word' id='word_1_178' title='bbox 916 3928 1091 4036; x_wconf 83' lang='lat' dir='ltr'>cognita</span> <span class='ocrx_word' id='word_1_179' title='bbox 1105 3931 1154 4008; x_wconf 82' lang='lat' dir='ltr'>&#39;et</span> <span class='ocrx_word' id='word_1_180' title='bbox 1174 3937 1394 4038; x_wconf 90' lang='lat' dir='ltr'>comperta</span> <span class='ocrx_word' id='word_1_181' title='bbox 1414 3929 1736 4036; x_wconf 78' lang='lat' dir='ltr'>concordarunt,</span> <span class='ocrx_word' id='word_1_182' title='bbox 1759 3956 1890 4039; x_wconf 91' lang='lat' dir='ltr'>quam</span> <span class='ocrx_word' id='word_1_183' title='bbox 1912 3955 2014 4012; x_wconf 92' lang='lat' dir='ltr'>con-</span> 
     </span>
     <span class='ocr_line' id='line_1_22' title="bbox 347 4043 2015 4156; baseline 0.001 -27"><span class='ocrx_word' id='word_1_184' title='bbox 347 4047 534 4132; x_wconf 88' lang='lat' dir='ltr'>cordiam</span> <span class='ocrx_word' id='word_1_185' title='bbox 575 4046 968 4156; x_wconf 88' lang='lat' dir='ltr'>eompromissariis,</span> <span class='ocrx_word' id='word_1_186' title='bbox 996 4043 1201 4150; x_wconf 80' lang='lat' dir='ltr'>arbitris,</span> <span class='ocrx_word' id='word_1_187' title='bbox 1242 4045 1565 4129; x_wconf 86' lang='lat' dir='ltr'>arbitratoribus</span> <span class='ocrx_word' id='word_1_188' title='bbox 1608 4073 1685 4154; x_wconf 85' lang='lat' dir='ltr'>seu</span> <span class='ocrx_word' id='word_1_189' title='bbox 1722 4045 2015 4130; x_wconf 81' lang='lat' dir='ltr'>amicabilibus</span> 
     </span>
     <span class='ocr_line' id='line_1_23' title="bbox 210 4152 2015 4278; baseline -0.002 -32"><span class='ocrx_word' id='word_1_190' title='bbox 210 4152 216 4161; x_wconf 54' lang='lat'><strong><em>⁴</em></strong></span> <span class='ocrx_word' id='word_1_191' title='bbox 347 4164 718 4275; x_wconf 80' lang='lat' dir='ltr'>compositoribus,</span> <span class='ocrx_word' id='word_1_192' title='bbox 752 4190 862 4247; x_wconf 84' lang='lat' dir='ltr'>voce</span> <span class='ocrx_word' id='word_1_193' title='bbox 896 4167 996 4247; x_wconf 85' lang='lat' dir='ltr'>viva</span> <span class='ocrx_word' id='word_1_194' title='bbox 1027 4175 1071 4244; x_wconf 82' lang='lat' dir='ltr'>et</span> <span class='ocrx_word' id='word_1_195' title='bbox 1088 4165 1365 4278; x_wconf 85' lang='lat' dir='ltr'>personaliter</span> <span class='ocrx_word' id='word_1_196' title='bbox 1398 4164 1641 4260; x_wconf 86' lang='lat' dir='ltr'>retulerunt.</span> <span class='ocrx_word' id='word_1_197' title='bbox 1695 4159 1799 4266; x_wconf 80' lang='lat' dir='ltr'>Qui,</span> <span class='ocrx_word' id='word_1_198' title='bbox 1835 4173 2015 4278; x_wconf 84' lang='lat' dir='ltr'>utraque</span> 
     </span>
    </p>

    <p class='ocr_par' dir='ltr' id='par_1_8' title="bbox 345 4275 2149 4395">
     <span class='ocr_line' id='line_1_24' title="bbox 345 4275 2149 4395; baseline -0.003 -27"><span class='ocrx_word' id='word_1_199' title='bbox 345 4275 467 4395; x_wconf 83' lang='lat' dir='ltr'>parte</span> <span class='ocrx_word' id='word_1_200' title='bbox 502 4279 760 4366; x_wconf 85' lang='lat' dir='ltr'>sufficienter</span> <span class='ocrx_word' id='word_1_201' title='bbox 796 4283 960 4388; x_wconf 86' lang='lat' dir='ltr'>audita,</span> <span class='ocrx_word' id='word_1_202' title='bbox 994 4292 1138 4391; x_wconf 86' lang='lat' dir='ltr'>partes</span> <span class='ocrx_word' id='word_1_203' title='bbox 1162 4283 1216 4366; x_wconf 88' lang='lat' dir='ltr'>ad</span> <span class='ocrx_word' id='word_1_204' title='bbox 1237 4291 1426 4367; x_wconf 87' lang='lat' dir='ltr'>nostram</span> <span class='ocrx_word' id='word_1_205' title='bbox 1462 4279 1730 4392; x_wconf 72' lang='lat' dir='ltr'>audienciarn</span> <span class='ocrx_word' id='word_1_206' title='bbox 1746 4283 2013 4390; x_wconf 72' lang='lat' dir='ltr'>remiserunt5</span> <span class='ocrx_word' id='word_1_207' title='bbox 2143 4357 2149 4362; x_wconf 87' lang='lat'><em>.</em></span> 
     </span>
    </p>
   </div>
   <div class='ocr_carea' id='block_1_4' title="bbox 346 4511 2016 5045">
    <p class='ocr_par' dir='ltr' id='par_1_9' title="bbox 346 4511 2016 4965">
     <span class='ocr_line' id='line_1_25' title="bbox 450 4511 2014 4647; baseline -0.002 -43"><span class='ocrx_word' id='word_1_208' title='bbox 450 4538 669 4639; x_wconf 49' lang='grc'>(1111111113</span> <span class='ocrx_word' id='word_1_209' title='bbox 693 4519 888 4638; x_wconf 71' lang='lat' dir='ltr'>monasterii</span> <span class='ocrx_word' id='word_1_210' title='bbox 918 4511 1199 4638; x_wconf 72' lang='lat' dir='ltr'>Szczyrzpeensis</span> <span class='ocrx_word' id='word_1_211' title='bbox 1226 4519 1371 4624; x_wconf 72' lang='lat' dir='ltr'>propria</span> <span class='ocrx_word' id='word_1_212' title='bbox 1379 4538 1559 4624; x_wconf 83' lang='lat' dir='ltr'>descripsit</span> <span class='ocrx_word' id='word_1_213' title='bbox 1572 4533 1777 4647; x_wconf 64' lang='lat' dir='ltr'>hephorrski</span> <span class='ocrx_word' id='word_1_214' title='bbox 1792 4547 1826 4603; x_wconf 84' lang='lat' dir='ltr'>et</span> <span class='ocrx_word' id='word_1_215' title='bbox 1841 4535 2014 4637; x_wconf 73' lang='lat' dir='ltr'>nobiscum</span> 
     </span>
     <span class='ocr_line' id='line_1_26' title="bbox 348 4621 2015 4792; baseline -0.001 -18"><span class='ocrx_word' id='word_1_216' title='bbox 348 4622 824 4774; x_wconf 49' lang='grc' dir='ltr'>θ01111111111(11ἒῖ“1;111“1</span> <span class='ocrx_word' id='word_1_217' title='bbox 833 4623 858 4792; x_wconf 70' lang='grc'>,1</span> <span class='ocrx_word' id='word_1_218' title='bbox 861 4646 912 4773; x_wconf 80' lang='lat'>⁰⁰:</span> <span class='ocrx_word' id='word_1_219' title='bbox 928 4621 2015 4774; x_wconf 58' lang='lat' dir='ltr'>2llff¹¹fstllt²il¹lrllll³lstatilia?illidit?</span> 
     </span>
     <span class='ocr_line' id='line_1_27' title="bbox 346 4722 2016 4890; baseline -0.004 -28"><span class='ocrx_word' id='word_1_220' title='bbox 346 4722 426 4862; x_wconf 53' lang='lat' dir='ltr'>deod</span> <span class='ocrx_word' id='word_1_221' title='bbox 447 4793 610 4862; x_wconf 87' lang='lat' dir='ltr'>Cedronis</span> <span class='ocrx_word' id='word_1_222' title='bbox 633 4790 770 4878; x_wconf 80' lang='lat' dir='ltr'>palatini</span> <span class='ocrx_word' id='word_1_223' title='bbox 796 4730 1030 4859; x_wconf 56' lang='lat' dir='ltr'>drabbviensis</span> <span class='ocrx_word' id='word_1_224' title='bbox 1057 4801 1209 4876; x_wconf 79' lang='lat' dir='ltr'>nepotes,</span> <span class='ocrx_word' id='word_1_225' title='bbox 1225 4790 1283 4890; x_wconf 71' lang='lat' dir='ltr'>filii</span> <span class='ocrx_word' id='word_1_226' title='bbox 1297 4812 1378 4855; x_wconf 87' lang='lat' dir='ltr'>vero</span> <span class='ocrx_word' id='word_1_227' title='bbox 1405 4789 1547 4857; x_wconf 76' lang='lat' dir='ltr'>loannis</span> <span class='ocrx_word' id='word_1_228' title='bbox 1573 4790 1654 4855; x_wconf 88' lang='lat' dir='ltr'>dicti</span> <span class='ocrx_word' id='word_1_229' title='bbox 1679 4778 1763 4878; x_wconf 82' lang='lat' dir='ltr'>Zyla</span> <span class='ocrx_word' id='word_1_230' title='bbox 1776 4790 1894 4870; x_wconf 86' lang='lat' dir='ltr'>(editio</span> <span class='ocrx_word' id='word_1_231' title='bbox 1933 4790 2016 4866; x_wconf 85' lang='lat' dir='ltr'>rima</span> 
     </span>
     <span class='ocr_line' id='line_1_28' title="bbox 349 4872 1968 4965; baseline -0.004 -18"><span class='ocrx_word' id='word_1_232' title='bbox 349 4881 390 4947; x_wconf 88' lang='grc' dir='ltr'>Τ.</span> <span class='ocrx_word' id='word_1_233' title='bbox 406 4880 450 4961; x_wconf 86' lang='lat'>11,</span> <span class='ocrx_word' id='word_1_234' title='bbox 465 4880 612 4965; x_wconf 52' lang='lat' dir='ltr'>pamm</span> <span class='ocrx_word' id='word_1_235' title='bbox 628 4887 662 4944; x_wconf 86' lang='lat' dir='ltr'>ct</span> <span class='ocrx_word' id='word_1_236' title='bbox 676 4879 764 4956; x_wconf 78' lang='lat'><strong>276).</strong></span> <span class='ocrx_word' id='word_1_237' title='bbox 786 4877 839 4942; x_wconf 85' lang='lat' dir='ltr'>Dc</span> <span class='ocrx_word' id='word_1_238' title='bbox 855 4876 1001 4962; x_wconf 85' lang='lat' dir='ltr'>palatino</span> <span class='ocrx_word' id='word_1_239' title='bbox 1019 4874 1201 4941; x_wconf 85' lang='lat' dir='ltr'>Theodoro</span> <span class='ocrx_word' id='word_1_240' title='bbox 1216 4874 1293 4941; x_wconf 80' lang='lat' dir='ltr'>vide</span> <span class='ocrx_word' id='word_1_241' title='bbox 1309 4895 1411 4959; x_wconf 64' lang='lat' dir='ltr'>sumre</span> <span class='ocrx_word' id='word_1_242' title='bbox 1425 4872 1568 4939; x_wconf 82' lang='lat' dir='ltr'>tabulam</span> <span class='ocrx_word' id='word_1_243' title='bbox 1583 4874 1626 4939; x_wconf 86' lang='lat' dir='ltr'>ad</span> <span class='ocrx_word' id='word_1_244' title='bbox 1641 4874 1695 4942; x_wconf 82' lang='lat' dir='ltr'>N0.</span> <span class='ocrx_word' id='word_1_245' title='bbox 1710 4876 1794 4942; x_wconf 91' lang='lat' dir='ltr'>XVI</span> <span class='ocrx_word' id='word_1_246' title='bbox 1809 4886 1843 4942; x_wconf 86' lang='lat' dir='ltr'>et</span> <span class='ocrx_word' id='word_1_247' title='bbox 1857 4875 1892 4942; x_wconf 88' lang='lat' dir='ltr'>X</span> <span class='ocrx_word' id='word_1_248' title='bbox 1924 4875 1968 4941; x_wconf 77' lang='lat' dir='ltr'>ll.</span> 
     </span>
    </p>

    <p class='ocr_par' dir='ltr' id='par_1_10' title="bbox 451 4957 1750 5045">
     <span class='ocr_line' id='line_1_29' title="bbox 451 4957 1750 5045; baseline -0.007 -13"><span class='ocrx_word' id='word_1_249' title='bbox 451 4968 495 5045; x_wconf 70' lang='lat'>(²)</span> <span class='ocrx_word' id='word_1_250' title='bbox 516 4963 667 5032; x_wconf 75' lang='lat' dir='ltr'>loannes</span> <span class='ocrx_word' id='word_1_251' title='bbox 682 4961 792 5028; x_wconf 88' lang='lat' dir='ltr'>dictus</span> <span class='ocrx_word' id='word_1_252' title='bbox 807 4962 972 5044; x_wconf 65' lang='lat' dir='ltr'>Muskata</span> <span class='ocrx_word' id='word_1_253' title='bbox 988 4959 1171 5040; x_wconf 78' lang='lat' dir='ltr'>stemmatis</span> <span class='ocrx_word' id='word_1_254' title='bbox 1188 4959 1284 5042; x_wconf 85' lang='lat' dir='ltr'>Lilia,</span> <span class='ocrx_word' id='word_1_255' title='bbox 1297 4958 1479 5045; x_wconf 85' lang='lat' dir='ltr'>episcopus</span> <span class='ocrx_word' id='word_1_256' title='bbox 1495 4957 1535 5024; x_wconf 86' lang='lat' dir='ltr'>ab</span> <span class='ocrx_word' id='word_1_257' title='bbox 1554 4980 1640 5024; x_wconf 87' lang='lat' dir='ltr'>anno</span> <span class='ocrx_word' id='word_1_258' title='bbox 1658 4958 1750 5026; x_wconf 76' lang='lat'><strong>1295.</strong></span> 
     </span>
    </p>
   </div>
   <div class='ocr_carea' id='block_1_5' title="bbox 0 0 2710 6309">
    <p class='ocr_par' dir='ltr' id='par_1_11' title="bbox 0 0 2710 6309">
     <span class='ocr_line' id='line_1_30' title="bbox 0 0 2710 6309; baseline 0 0"><span class='ocrx_word' id='word_1_259' title='bbox 0 0 2710 6309; x_wconf 95' lang='lat' dir='ltr'> </span> 
     </span>
    </p>
   </div>
  </div>
 </body>
</html>
