5409 6309
1039 841 1295 959 -ιι-ἱ
1400 939 1434 964 ..

385 1089 571 1192 tionum,
591 1097 638 1172 et
653 1087 958 1199 undecumque
977 1087 1135 1169 liberae
1152 1091 1302 1167 tamen
1323 1087 1589 1191 conditionis,
1608 1086 1787 1172 liberam
1807 1099 1852 1172 et
1867 1094 2002 1176 omni·

378 1206 568 1291 modam
587 1204 848 1316 facultatem,
883 1205 1171 1288 concedentes
1206 1203 1402 1287 omnibus
1424 1233 1499 1316 qur
1486 1197 1681 1289 ibidem
1698 1206 1827 1292 locati
1846 1206 2005 1292 lirerint

398 1345 529 1462 super
548 1325 683 1422 cultis
695 1349 772 1407 seu
793 1324 907 1434 agris
940 1323 1171 1430 extirpatis,
1208 1331 1305 1406 octo
1341 1349 1549 1406 annornm
1583 1323 1823 1410 hbertatem
1858 1309 2006 1433 plena·

398 1443 518 1525 riam.
526 1471 569 1523 .a
589 1442 757 1526 Census
780 1442 949 1524 datione
973 1451 1016 1524 et
1035 1438 1091 1522 ab
1114 1438 1311 1524 omnibus
1326 1447 1416 1523 tam
1452 1441 1672 1549 ordinariJ's
1704 1471 1834 1553 quam
1868 1453 2007 1527 extra·

242 1594 248 1601 ·
398 1561 618 1670 ordinariJ's
632 1559 800 1669 juribus
821 1569 865 1643 et
885 1557 1163 1643 solutionibus
1185 1557 1485 1671 qualicumque
1506 1558 1719 1643 uocabulo
1741 1569 2007 1664 censeantur,

398 1678 457 1760 ad
494 1679 721 1764 locandam
762 1676 971 1789 siquidem
999 1674 1314 1785 ‘praehabitam
1358 1676 1590 1761 Oiuitatem
1632 1678 1828 1762 addimus
1871 1678 2007 1760 eidem

400 1795 629 1899 Withconi,
667 1797 873 1880 ducentes
903 1794 1048 1878 laneos
1084 1795 1370 1904 Franeonioos
1407 1792 1587 1878 Oiuibus
1605 1821 1684 1903 per
1705 1795 2009 1907 agriculunam
2108 1845 2114 1854 ,

343 1953 352 1968 ·
399 1913 642 1999 exercenda
662 1912 761 2025 (sie)
784 1911 1044 1995 ethabenda
1065 1909 1175 2025 (sie),
1198 1913 1251 1993 de
1272 1912 1430 2023 quibus
1448 1913 1587 1995 laneis
1609 1914 1818 2017 ominbus,
1840 1922 2008 1996 sextum

401 2057 598 2115 mausum
616 2031 806 2134 liberum,
828 2039 993 2113 sextam
1016 2029 1188 2114 Ouriam
1219 2029 1409 2133 liberam,
1445 2039 1700 2141 sextumque
1737 2040 1875 2114 ortum
1897 2031 2009 2112 etli-

401 2147 553 2233 beru'm
586 2175 614 2231 a
639 2148 849 2233 solutione
886 2147 1066 2251 Oeneus,
1105 2158 1147 2232 et
1167 2148 1386 2232 exactione
1396 2148 1667 2256 praedictus
1702 2147 1895 2240 Witbco
1912 2174 2010 2231 cum
2109 2223 2113 2231 .

402 2269 490 2349 suis
509 2268 692 2375 posteris
712 2269 876 2351 ratione
890 2266 1125 2371 locationis,
1147 2275 1190 2348 et
1209 2259 1476 2370 aduocatiae,
1493 2292 1624 2391 quam
1638 2268 1793 2376 inipso
1808 2265 2008 2367 Ciuitate,

279 2469 284 2485 ,
403 2409 534 2496 quam
552 2384 768 2488 locauerit,
790 2382 896 2467 Jure
917 2385 1199 2469 haereditario
1218 2383 1384 2467 tenebit
1417 2378 1730 2495 imperpetuum
1749 2383 1944 2494 pacifice,
1968 2394 2011 2466 et

404 2504 547 2612 quiete
567 2501 817 2611 possidebit
832 2495 916 2584 De
939 2503 1097 2585 mansis
1129 2502 1304 2615 quidem
1334 2503 1471 2606 οιιιιιι,
1505 2501 1678 2586 euoluta
1708 2500 1908 2586 libertate
1924 2528 2011 2583 su·
2091 2601 2094 2602 ⁷

399 2617 600 2728 predicta
619 2629 716 2716 octo
738 2646 957 2726 annorum,
992 2619 1116 2704 nobis
1153 2620 1337 2704 cultores
1374 2647 1588 2742 agrorum,
1622 2647 1700 2729 per
1735 2631 1832 2705 octo
1868 2629 2011 2704 scotos

340 2747 375 2810 ·‘
404 2739 573 2848 argenti
610 2739 839 2821 examinati
874 2739 1043 2822 soluent
1065 2736 1133 2821 de
1155 2737 1348 2850 quolibet
1367 2765 1531 2822 manso.
1575 2737 1644 2820 De
1662 2736 1890 2822 noualibus
1910 2740 2012 2820 vero

409 2863 453 2938 et
470 2856 653 2956 incultis,
685 2856 882 2938 sedecim
905 2859 1028 2938 annis
1046 2847 1300 2957 libertatem,
1332 2884 1359 2937 a
1379 2853 1546 2939 (leneus
1582 2855 1805 2958 solutione,
1841 2865 1885 2936 et
1914 2877 2013 2936 exa

349 3017 354 3022 ·
402 2965 545 3056 ctione
583 2969 775 3084 qualibet
802 2972 1058 3077 retinebunt,
1079 2982 1126 3055 et
1144 2980 1538 3081 quantumcumque
1573 2968 1697 3055 nobis
1729 2972 1923 3083 expiata
1942 2996 2014 3051 ce·

255 3159 259 3168 .
311 3111 338 3188 ᾖ
380 3091 480 3172 det
496 3088 705 3190 libertate,
738 3087 791 3168 de
823 3089 1013 3200 quinque
1048 3091 1220 3191 mansis,
1254 3089 1507 3171 tantundem
1542 3085 1793 3170 Aduoeatus
1829 3085 2014 3187 Withco,

352 3252 356 3256 -
405 3231 503 3287 eum
523 3207 611 3288 suis
630 3201 826 3342 posteris,
848 3205 901 3285 de
917 3215 1038 3289 sexto
1053 3204 1218 3308 Mauso,
1238 3216 1361 3289 sexta
1376 3204 1518 3307 Curia,
1539 3213 1584 3286 et
1602 3214 1722 3289 serto
1742 3204 1879 3307 horto,
1900 3229 2014 3286 sem·

279 3319 285 3331 ’
403 3347 482 3433 per
499 3323 709 3431 percipiet
726 3321 963 3408 solutionis
1007 3322 1260 3405 Addimus
1248 3320 1622 3436 1usupenOiuitati
1640 3332 1812 3406 nosuae
1848 3319 2016 3405 Sando-

404 3440 593 3523 miriensr
580 3438 900 3550 supradictae,
919 3437 1074 3550 viginti
1092 3439 1239 3524 laneos
1262 3441 1453 3523 eiusdem
1481 3465 1707 3540 mensurae
1742 3431 2015 3523 banconieae

406 3581 483 3667 pro
503 3557 679 3667 pascuis
699 3555 953 3639 animalibus
987 3556 1207 3661 faciendis,
1238 3557 1478 3670 dequibus
1499 3556 1614 3640 nulla
1648 3545 1800 3641 solutio
1836 3558 2016 3640 dicante
2083 3583 2085 3586 ’

406 3675 618 3778 libertate,
639 3684 685 3758 et
702 3683 803 3783 post
815 3673 1055 3757 libertatem
1076 3673 1200 3759 nobis
1223 3677 1361 3762 cedet
1393 3676 1624 3760 Praeterea
1645 3675 1772 3758 etiam
1791 3673 2014 3785 praedicto
2163 3677 2168 3685 ’

396 3792 635 3896 γιιιιιιιοιιιο
657 3819 755 3875 cum
775 3793 863 3874 suis
882 3781 1065 3901 posteris
1087 3787 1141 3874 de
1163 3793 1312 3903 gracia
1325 3803 1471 3878 nostra
1491 3794 1659 3902 spetiali
1680 3792 1779 3906 (sic)
1811 3791 2017 3903 superad-

409 3911 548 3993 dimus
570 3918 667 3994 octo
688 3935 859 3995 mansos
880 3909 1035 3996 liberos
1054 3914 1239 4020 penitus,
1260 3939 1286 3994 a
1308 3911 1475 3997 Oeneus
1506 3911 1728 4020 solutione,
1766 3919 1810 3992 et
1831 3910 2018 4006 ιιιιιιο-

407 4053 464 4109 ne
485 4037 717 4136 exemptos.
748 4026 817 4110 De
831 4027 982 4138 judicij
984 4053 1006 4111 s
1026 4056 1129 4113 vero
1149 4028 1436 4140 singularibus
1457 4030 1677 4112 annuatim
1693 4028 1815 4116 nobis
1838 4028 1922 4111 duo
1945 4026 2018 4108 de·
2059 4020 2062 4026 ’

410 4146 517 4253 nariJ'
541 4155 585 4228 et
603 4145 819 4230 aduocato
836 4147 986 4228 tertius
1007 4172 1176 4257 semper
1190 4148 1327 4231 cedet
1359 4146 1430 4230 Ad
1444 4175 1650 4257 magnum
1666 4145 1885 4230 dudieium
1901 4145 2018 4255 qued

293 4307 296 4311 Δ
409 4259 548 4346 fitne
562 4264 605 4344 ιιι
626 4289 751 4367 anno,
771 4291 800 4343 a
816 4265 949 4347 latere
985 4274 1131 4348 nostro
1162 4265 1485 4370 destinabimus,
1519 4265 1695 4347 militem
1728 4264 1822 4346 siue
1853 4261 2016 4363 ciuem,

349 4419 369 4448 ·.
410 4403 714 4492 quemcunque
756 4381 880 4466 nobis
916 4380 1099 4484 fidelem,
1134 4383 1209 4492 qui
1244 4384 1369 4466 simul
1388 4409 1486 4466 cerm
1519 4381 1761 4484 Adrtoeato,
1796 4379 2052 4462 diudicans.
2125 4437 2127 4442 .

412 4519 590 4580 caussas
627 4500 803 4607 eijsdem
839 4498 1114 4608 praesidebit
1162 4498 1271 4581 Item
1292 4501 1488 4583 addimus
1509 4502 1806 4608 promittentes
1838 4494 2018 4581 [linibus
2119 4587 2124 4595 ¹
2234 4579 2251 4618 ,ι

410 4616 566 4702 nostris
586 4615 843 4724 supradictis
864 4625 908 4697 et
926 4607 1165 4718 Aduocato,
1188 4616 1306 4725 quod
1325 4615 1486 4700 nullmn
1500 4617 1812 4703 Prouincialem
1828 4597 2018 4700 aduoca-

330 4765 336 4770 ·
410 4742 503 4815 tum
525 4753 653 4843 super
672 4733 790 4841 ipsos
810 4757 1002 4844 unquam
1023 4743 1273 4872 stauremus,
1294 4735 1376 4817 nisi
1396 4735 1453 4817 ad
1471 4763 1680 4847 magnum
1692 4735 1915 4845 judiciuin.
1961 4729 2022 4815 Ut

388 4850 592 4936 »diximus
614 4848 821 4990 superius,
840 4875 924 4933 nee
941 4850 1159 4960 pluries
1118 4853 1200 4933 ιιιιι
1219 4852 1314 4936 ter
1302 4879 1347 4933 ιιι
1369 4879 1522 4958 anno,
1527 4854 1580 4935 de
1613 4879 1698 4964 quo
1723 4848 1852 4937 etiam
1882 4848 2018 4947 nobis,

412 4967 526 5049 sicut
543 4973 737 5079 saperius
758 4977 826 5052 est
846 4991 1133 5080 “pressum
1112 4969 1198 5055 duo
1221 4970 1393 5081 denanj,
1415 4981 1459 5124 et
1477 4954 1704 5056 Aduocato
1718 4998 1817 5053 cum
1836 4966 1925 5052 siris
1940 4992 2018 5075 po·

409 5112 482 5154 rm
483 5113 543 5156 ⁸111.
