5409 6309
1049 1410 1053 1415 ¹
1116 1275 1274 1392 CXLI.
1489 1422 1492 1429 .

445 1467 451 1513 γ’
596 1488 601 1494 1
655 1484 1073 1617 cracoviae-o
1089 1511 1394 1616 Femur&
1409 1486 1555 1620 1365
1581 1546 1748 1616 anno.

362 1755 485 1832 1611111
498 1748 678 1841 onnon,
692 1750 776 1825 inm
790 1692 824 1823 et
837 1701 1037 1842 {munda
1051 1769 1173 1824 rorum
1190 1751 1272 1823 istu
1285 1770 1320 1824 se
1332 1706 1506 1841 gemme,
1521 1755 1626 1842 partes
1640 1730 1716 1825 mu
1729 1751 1847 1825 urm·
1864 1753 2033 1824 &zuoni-

380 1930 412 1945 ..
455 1864 469 1963 ι’
738 1852 1656 1969 ce,arpuuisrumnrmaramuamvuout(¹).

438 2044 441 2053 ⁴
467 2064 556 2147 Nos
588 2061 842 2148 Bodzantha
873 2050 1136 2144 Serenissimi
1167 2012 1375 2173 Principis
1399 2060 1556 2163 domini
1574 2062 1776 2145 Kasimiri
1796 2063 1930 2175 Regis
1950 2063 2054 2159 Po··

362 2172 500 2267 laniae
520 2177 1026 2273 ProcuratorTerrarum
1049 2179 1258 2271 Cracouie
1279 2191 1323 2263 et
1344 2178 1620 2293 ,Sandamirie-
1638 2183 1861 2291 generalis.
1912 2182 2037 2269 Noti·
2099 2188 2109 2215 '

217 2306 220 2311 ’
364 2292 550 2383 ficantes
565 2299 773 2389 vniuersis
794 2297 1066 2407 presentibus
1086 2310 1129 2380 et
1149 2298 1300 2381 futuris
1329 2300 1591 2407 presentium
1623 2300 1733 2383 serie
1770 2298 2034 2385 declaramus

364 2420 482 2529 quod
518 2445 596 2503 nos
631 2415 796 2501 nobiles
837 2416 1057 2533 domicella
1094 2412 1177 2501 filie
1216 2414 1462 2504 Gneuomiri
1498 2417 1551 2498 de
1587 2414 1824 2502 Crzisouicze
1845 2418 1971 2501 Anna
1992 2430 2036 2500 et

273 2530 283 2542 ⁶
323 2636 326 2643 ,
363 2536 641 2648 Margaretha
682 2560 846 2621 sorores
888 2563 1089 2645 germane
1129 2537 1173 2619 iu
1215 2537 1420 2646 apsencia
1455 2533 1554 2649 (sic)
1598 2538 1753 2621 domini
1785 2535 1919 2646 Regis
1950 2563 2038 2621 non

229 2670 246 2743 .'
364 2666 515 2743 coacte
535 2680 622 2737 non
643 2653 863 2762 compulsa
885 2654 1128 2739 adnostram
1162 2653 1260 2764 (sic)
1295 2655 1562 2765 presenciam
1580 2657 1816 2743 ‚venientes
1849 2653 2035 2741 Strenuo

361 2778 453 2861 viro
475 2772 642 2859 domino
660 2770 883 2880 ,Raphana
905 2770 1230 2867 subcamerario
1263 2772 1600 2858 Sandomiriensi
1619 2782 1754 2857 totam
1775 2782 1942 2882 partem
1964 2802 2036 2855 ea·

214 2901 216 2904 ’
286 2978 294 2985 .
362 2922 456 2981 rum
487 2889 626 2977 medie
656 2889 906 2995 hereditatis
934 2890 1092 2973 ibidem
1113 2890 1157 2971 in
1181 2888 1419 2987 Crse'aouieze
1453 2893 1572 2998 ipsas
1591 2900 1844 3000 tangentem
1864 2919 1941 3000 pro
1962 2893 2037 2973 tri·

364 3013 486 3122 ginta
513 3009 669 3093 marcis
701 3032 945 3115 grossorum
977 3010 1161 3091 numeris
1190 3007 1439 3121 polpnicalis
1461 3010 1667 3090 currentis
1688 3008 1971 3093 vendiderunt
1993 3019 2038 3090 et

364 3155 508 3215 conam
544 3125 666 3213 nobis
703 3115 830 3215 libere
850 3124 1144 3234 ‘resignarunt
1173 3153 1270 3207 cum
1301 3128 1417 3213 omni
1440 3127 1538 3235 jure
1559 3136 1602 3206 et
1623 3126 1806 3211 dominio
1826 3134 1957 3234 prout
1975 3125 2036 3207 ibi

364 3247 452 3345 sole
482 3252 730 3346 tenuerunt,
761 3240 1005 3327 habuerunt
1025 3252 1068 3324 et
1087 3244 1359 3353 possiderunt
1389 3272 1487 3327 cum
1517 3244 1718 3329 omnibus
1749 3242 1959 3329 fructibus
1980 3246 2037 3329 ad
2123 3242 2127 3247 ’

365 3363 536 3453 easdem
557 3369 701 3471 partes
721 3361 1046 3471 pertinentibus.
1065 3358 1382 3471 Quamquidem
1397 3362 1692 3446 vendicionem
1710 3372 1754 3445 et
1769 3362 2053 3471 empcionem

366 3483 492 3571 Anna
514 3493 558 3563 et
579 3479 854 3589 Margaretha
884 3480 1076 3588 predicte
1107 3482 1205 3561 curri
1237 3480 1406 3566 domino
1429 3477 1754 3567 Subcamerario
1775 3478 1941 3588 prefato
1964 3508 2037 3563 co-
2066 3500 2071 3515 ’
2182 3496 2190 3511 ’

365 3629 463 3685 ram·
478 3596 601 3683 nobis
614 3605 666 3695 et
685 3597 728 3677 in
749 3598 972 3705 presencia
990 3597 1221 3704 proborum
1236 3599 1422 3687 virorum
1443 3599 1552 3683 infra
1573 3602 1826 3707 scriptorum
1847 3600 1909 3681 eis
1931 3604 2037 3681 ami-

360 3719 561 3805 cabiliter
597 3715 874 3823 compositam
910 3714 1231 3798 ratificauerunt
1265 3721 1319 3799 et'
1343 3706 1665 3800 ordinauerunt
1684 3728 1809 3825 prout
1843 3719 2037 3825 superius
2098 3802 2103 3809 ,

257 3830 266 3849 “
366 3848 687 3945 suntsxpressa
707 3832 966 3944 diligencius
990 3835 1208 3942 perpetuis
1238 3834 1502 3944 temporibus
1524 3833 1752 3919 obseruare
1773 3835 1896 3918 nullis
1918 3836 2039 3917 clau·
2074 3908 2079 3915 .

299 3986 310 3995 ·
365 3957 473 4041 aulis
492 3954 588 4038 aliis
608 3951 852 4053 interiectis.
902 3951 1059 4035 Actum
1082 3963 1125 4032 et
1144 3951 1294 4035 datum
1317 3950 1502 4037 Crucooie
1523 3954 1565 4034 in
1588 3954 1656 4035 die
1678 3952 1839 4039 Sancte
1861 3953 2037 4063 Agathe

366 4073 447 4159 sub
468 4072 593 4174 Anno
615 4069 786 4157 Domini
805 4070 1025 4159 Miliesimo
1048 4069 1248 4155 CCCLX
1269 4072 1432 4180 quinto.
1454 4071 1749 4159 Presentibus
1771 4070 1852 4178 hijs
1874 4070 2037 4155 Nobili·

366 4194 447 4279 bus
470 4186 722 4288 Castellanis
744 4187 930 4273 Crotone
952 4186 1008 4302 (²)
1027 4188 1280 4301 Lublinensi
1300 4199 1344 4273 et
1363 4189 1587 4276 Paschone
1609 4187 1925 4301 Beijcziensi(³)
1946 4189 2037 4272 Do·
2170 4256 2175 4262 .

366 4312 480 4399 utino
502 4309 687 4395 cristino
709 4303 947 4401 Vexillifero
968 4317 1012 4388 et
1030 4306 1283 4395 Handalone
1304 4307 1363 4421 (⁴)
1392 4308 1604 4420 Dapifero-
1621 4307 2036 4393 Sandomiriensibus

473 4545 513 4624 (Ι)
535 4541 565 4606 E
581 4539 692 4605 tabula
705 4536 895 4603 authentica
910 4536 1122 4623 descriptum.

393 4610 405 4637 '
472 4627 514 4708 (²)
539 4622 649 4712 Vulgo
671 4620 755 4701 Cret,
770 4623 863 4707 cujas
878 4621 1008 4708 insigne
1026 4623 1158 4707 araia,
1178 4625 1248 4722 jam
1264 4647 1364 4709 supra
1379 4625 1451 4692 sub.
1466 4648 1496 4691 a.
1511 4626 1593 4691 1363
1603 4634 1817 4701 memoratus.
1949 4669 1953 4677 ·

474 4713 514 4792 (⁸)
537 4707 670 4776 Pascha
684 4704 805 4794 legitur
820 4705 1018 4772 castellanus
1031 4706 1205 4772 Biecensis
1221 4708 1413 4775 annis1359
1429 4719 1463 4775 et
1478 4712 1559 4776 1365
1576 4734 1652 4781 cum
1666 4710 1770 4778 Paulo
1786 4708 1968 4779 castellano
1984 4732 2035 4777 an.

214 4824 218 4827 ·
278 4826 286 4839 ·
372 4799 465 4876 1363,
481 4817 583 4882 supra
597 4801 779 4859 memorato
796 4794 851 4877 (pa
876 4790 991 4872 mot),
1008 4813 1071 4855 una
1086 4802 1137 4858 est
1151 4811 1306 4877 persona.

359 4917 361 4920 ⁴
473 4882 513 4964 (⁴)
536 4877 679 4947 Bandko
697 4875 825 4962 dapifer
838 4814 1118 4943 §sudomiriensis
1131 4898 1231 4964 supra
1243 4875 1367 4964 legitur
1381 4878 1474 4944 annis
1490 4879 1570 4945 1361
1589 4890 1622 4945 et
1638 4882 1720 4947 1366
1736 4876 1818 4965 (vid.
1830 4883 1987 4970 pagsaea
2004 4892 2039 4947 et

369 4970 463 5054 “eei
