5409 6309
1386 793 1716 896 ητα-Ω

665 1011 670 1020 ’
692 1030 827 1120 fidelis
847 1028 971 1114 nobis
990 1025 1153 1112 sineere
1175 1023 1316 1113 dilecti
1334 1019 1495 1135 peticio
1522 1019 1772 1114 continebat
1800 1029 2015 1134 quotenus
2046 1019 2211 1108 littam
2244 1049 2348 1110 sues

693 1151 814 1238 detas
830 1147 959 1234 nobili
973 1145 1091 1238 fideli
1105 1154 1249 1232 nostro
1263 1143 1428 1232 dilecto
1448 1141 1574 1230 Petro
1598 1140 1785 1232 Scolteto
1807 1140 1860 1226 de
1884 1136 2129 1251 Wysrcumy
2144 1139 2200 1254 ζ’)
2216 1167 2355 1254 super·

691 1297 805 1382 noue
824 1269 1031 1358 locatione
1057 1266 1102 1356 in
1130 1263 1237 1352 dure
1274 1261 1546 1352 Theutunico
1582 1261 1683 1347 ville
1715 1258 1954 1352 Bndisclrow
1990 1271 2036 1346 et
2070 1259 2277 1348 Sochois
2297 1265 2344 1347 in

660 1387 839 1478 ,eodem
877 1384 1124 1476 vendicione
1154 1412 1230 1495 per
1263 1411 1361 1468 eum
1390 1379 1588 1468 inbonis
1622 1378 1877 1468 Castellanie
1905 1406 2135 1492 suo-prope
2157 1375 2346 1490 Opidum
2452 1397 2457 1408 '

690 1518 881 1600 nocuum
900 1503 1136 1592 Rotsclricze
1157 1502 1218 1618 (³)
1233 1501 1358 1603 factis
1377 1499 1588 1594 ratificare
1610 1497 1848 1615 approbare
1865 1507 1909 1586 et
1923 1499 2172 1588 confirmare
2189 1502 2345 1613 dignu·

691 1655 831 1718 remur
851 1622 1041 1727 Quarum
1059 1623 1292 1712 litterarum
1312 1632 1433 1708 tenor
1458 1621 1513 1708 de
1532 1619 1663 1708 verbo
1695 1619 1752 1704 ed
1772 1618 1949 1706 verbum
1983 1621 2177 1733 sequitur
2197 1628 2255 1705 et
2284 1630 2349 1706 est

694 1748 804 1839 talis.

989 2036 1042 2122 In
1062 2027 1159 2116 oilla
1178 2029 1517 2142 Iwerzycc—die
1541 2036 1563 2118 1
1589 2028 1784 2115 Janoarii
1804 2035 1916 2115 1417
1938 2057 2051 2116 anno.

693 2270 827 2343 Haud
836 2268 876 2343 ds
887 2267 1058 2353 Cimielow,
1069 2265 1257 2339 ruolium
1268 2263 1528 2347 sudomiriensis,
1543 2265 1635 2338 Petro
1649 2263 1783 2336 reduto
1797 2263 1835 2336 de
1857 2265 2042 2357 wionem,
2056 2264 2352 2340 aitlrmBoorimw

958 2368 1029 2463 juro
1043 2370 1200 2443 omnino
1213 2370 1244 2440 in
1258 2368 1346 2452 tonis
1360 2368 1563 2441 mutuum
1577 2385 1652 2441 nu
1665 2367 1841 2454 loomim,
1861 2368 2017 2459 permittit
2037 2370 2091 2452 (⁴).

794 2579 845 2665 In
865 2581 1032 2665 nomine
1055 2577 1212 2661 domini
1232 2574 1381 2659 Amen.
1424 2574 1492 2660 Ad
1512 2583 1762 2688 perpetuam
1783 2576 1844 2659 rei
1864 2577 2109 2661 memoriam
2131 2575 2352 2680 ⁴Vniuersa
2395 2567 2403 2582 ’

693 2701 877 2812 negocia
914 2724 999 2807 que
1037 2696 1147 2779 fiunt
1185 2704 1290 2806 aput
1326 2673 1425 2809 (sic)
1471 2695 1662 2781 homines
1703 2724 1758 2778 ne
1792 2694 1919 2805 lapsu
1953 2699 2154 2807 temporis
2191 2726 2352 2783 euane-

690 2828 814 2903 scant
848 2815 985 2902 solent
1013 2816 1246 2900 litterarum
1283 2815 1561 2906 cunctacione
1600 2841 1766 2902 necnon
1808 2841 1951 2897 earum
1991 2817 2229 2903 testimonio
2270 2847 2346 2903 ve-

621 2924 627 2937 ’
688 2937 820 3023 ridico
860 2937 1117 3046 perhennari
1158 2960 1235 3016 seu
1271 2934 1474 3018 oomuuiri
1513 2934 1694 3019 Proinde
1731 2960 1808 3017 nos
1844 2931 2026 3018 Michael
2055 2935 2108 3017 de
2131 2931 2346 3047 Ctmyelow

691 3054 962 3152 castellanus
995 3052 1344 3152 Sandomiriensis
1391 3053 1583 3146 volentes
1628 3053 1817 3146 eiusdem
1861 3052 2215 3146 Castelleneatus,
2237 3056 2352 3140 vtili·

691 3185 804 3262 tatee
837 3203 912 3286 per
949 3173 1300 3284 exstirpscionem
1328 3171 1434 3264 silue
1456 3171 1716 3260 Budzi'sclrow
1739 3173 1794 3255 ad
1814 3172 1953 3259 villam
1983 3171 2231 3286 Wyerozany
2252 3204 2350 3286 per-

692 3295 869 3405 tinentis!
886 3294 942 3376 ad
962 3292 1177 3377 meliorem
1214 3291 1397 3375 educere
1434 3293 1724 3376 condicionem
1760 3291 1903 3378 Nobili
1931 3322 2032 3380 vero
2067 3293 2197 3378 Petro
2227 3292 2350 3381 Scol-

693 3425 784 3501 reto
827 3415 880 3497 de
923 3408 1145 3523 Wyeczany
1187 3420 1231 3493 et
1269 3411 1356 3494 suis
1378 3409 1625 3496 ¹heredibus
1669 3409 2085 3522 successoribusque
2127 3413 2349 3527 legittimis

543 3615 546 3622 Α
692 3533 958 3623 vendidimus
981 3531 1171 3615 dedimus
1196 3541 1239 3614 et
1252 3530 1521 3641 presentibus
1543 3532 1812 3642 assignamus
1831 3535 1873 3617 in
1895 3531 2025 3619 fluuio
2049 3533 2161 3619 dicto
2178 3532 2350 3630 Bistrzr'·

694 3682 762 3739 era
782 3653 838 3735 ad
857 3651 1083 3738 locandam
1103 3648 1245 3734 villam
1265 3676 1419 3734 nouam
1441 3649 1561 3733 cuius
1577 3650 1767 3762 granicie
1790 3661 1832 3737 et
1851 3663 1965 3736 meta
1979 3652 2127 3764 incipit
2146 3681 2173 3736 a
2188 3680 2345 3774 querco

694 3771 925 3884 vulgariter
959 3763 1183 3851 Rosocluti
1200 3766 1312 3850 domo
1332 3770 1377 3851 in
1396 3768 1479 3852 fine
1501 3769 1596 3853 ville
1623 3764 1846 3887 Wyeczooy
1863 3773 2076 3857 nominate
2108 3772 2188 3858 sito
2223 3798 2352 3884 supe·

692 3893 781 3976 rius
802 3888 994 3974 localiter
1012 3886 1282 3998 procedendo
1313 3901 1451 4001 vsque
1469 3888 1523 3971 ad
1544 3903 1680 3982 ortum
1716 3889 1834 4002 fluuij
1872 3902 1915 3975 et
1944 3891 1998 3974 ab
2021 3901 2116 3976 ortu
2134 3889 2251 4001 fluuij
2272 3919 2349 4002 per

692 4009 844 4109 siluam
864 4006 1124 4096 Bodziselrow
1144 4008 1230 4104 iam
1252 4007 1410 4093 dictam
1429 4034 1564 4120 vsque
1586 4008 1641 4090 ad
1661 4010 1811 4094 limites
1833 4036 1910 4094 seu
1930 4019 2072 4126 partes
2094 4010 2191 4105 ville
2212 4009 2351 4094 Zorzr‘·
2424 3999 2429 4008 ’

694 4143 756 4214 c'ze
778 4155 875 4226 eum
898 4126 1081 4240 grenicjs
1102 4127 1199 4211 ville
1219 4124 1380 4241 prefate
1410 4124 1655 4242 Wyerczeny
1675 4128 1907 4240 vulgariter
1928 4131 2023 4241 dlye
2044 4128 2142 4244 (sic)
2157 4138 2279 4243 parte
2301 4158 2351 4215 ex

587 4251 592 4262 '
691 4255 872 4363 utraque
892 4251 968 4358 pro
991 4243 1315 4361 Quinquaginta
1334 4241 1489 4332 Marcis
1510 4256 1677 4336 monete
1696 4248 1740 4330 in
1760 4249 1914 4362 Regno
1935 4250 2108 4337 Polouie
2146 4252 2349 4338 currentis
2427 4243 2430 4250 ’

796 4482 835 4564 (²)
858 4481 964 4550 Unam
980 4480 1089 4547 villam
1100 4481 1215 4550 similis
1230 4481 1371 4548 nominis
1385 4481 1569 4640 Wieroienlu,
1583 4482 1765 4548 invenimus
1781 4482 1815 4549 in
1831 4483 1965 4567 antiquo
1982 4484 2347 4566 Pilzniensiierritorio‚

691 4567 899 4655 inparochis
913 4590 994 4638 vero
1008 4566 1106 4636 villae
1122 4566 1276 4640 dioclem
1292 4571 1415 4651 (1670),
1431 4589 1519 4640 nuuc
1547 4565 1732 4640 nGallicia.
1762 4568 1800 4635 ln
1816 4568 1928 4636 nbula
1954 4569 2126 4638 Michaelis
2154 4592 2256 4658 saepe
2271 4570 2348 4636 ehu·

693 4663 799 4752 tuerer
812 4680 829 4734 r
844 4653 877 4720 in
893 4654 1024 4730 nomine
1039 4651 1135 4728 villae
1151 4652 1321 4734 omittitnr3
1338 4663 1371 4722 et
1386 4653 1472 4724 hano
1492 4653 1533 4720 ab
1550 4675 1684 4728 oausam
1694 4653 1834 4750 legimus
1858 4678 1921 4746 pro
1944 4657 2140 4750 Wyaezong
2167 4656 2360 4763 Wyeewngs·

696 4736 771 4804 nde
786 4738 1022 4910 llllliobozyce,
1039 4819 1196 4910 oppidum
1212 4803 1476 4891 sandomin'eusis
1490 4822 1566 4889 olim
1581 4824 1783 4911 provinciae,
1807 4822 1943 4892 nuncin
1959 4772 2110 4892 Gellioia.

797 4906 840 4987 (⁴)
858 4904 912 4976 Ex
924 4904 1105 4998 archetypo
1119 4929 1329 4994 pergameno,
1346 4907 1450 4993 (quod
1464 4907 1589 4985 ubisit,
1605 4909 1793 4990 nescimus),
1809 4909 1987 4996 descripsit
2000 4909 2193 4980 Siswir‘rskil
2199 4908 2348 4998 Sigillum

694 4991 796 5069 deest,
808 4989 866 5059 sed
877 4991 979 5076 majus
993 5003 1073 5072 erst3
1094 4991 1237 5066 taeniola
1251 5003 1379 5087 tantum
1392 4993 1497 5061 series
1510 4992 1596 5080 nigri
1611 5002 1645 5062 et
1659 4993 1725 5062 albi
1740 4993 1864 5065 eoloris
1876 5018 1963 5063 nunc
1977 5007 2130 5085 apparet.
