5409 6309
1033 1521 1344 1609 Orucovtuc
1357 1519 1482 1607 -1o
1508 1520 1702 1604 Martii
1729 1518 1876 1641 1369
1894 1524 2057 1657 anno.
2131 1626 2134 1633 ι

739 1746 901 1821 turcum
915 1747 995 1819 inter
1007 1745 1130 1817 Petrum
1151 1741 1328 1815 monasterti
1349 1734 1652 1829 unumunurn
1664 1741 1882 1831 praeconum,
1897 1760 1952 1814 roc
1965 1761 2024 1816 ror
2038 1745 2220 1835 tutulum
2233 1743 2343 1821 imi.

876 1851 1068 1936 staunton,
1085 1863 1175 1936 qum
1190 1839 1466 1915 vastarum·
1481 1859 1612 1953 uersu
1622 1856 1681 1913 ur
1694 1842 1841 1930 tubuas,
1856 1847 1959 1917 utun
1969 1845 2139 1938 mentm
2152 1849 2203 1930 ν).

817 2057 1053 2143 Kazimirus
1076 2056 1143 2137 dei
1163 2053 1311 2164 gracia
1330 2050 1423 2135 Rex
1443 2051 1614 2138 Polonie
1635 2059 1779 2134 notum
1792 2048 1977 2151 ,facimus
1992 2060 2080 2136 tam
2096 2055 2361 2163 presentibus

715 2210 844 2297 quam
864 2177 1034 2279 futuris,
1060 2174 1120 2257 ‘ad
1152 2199 1259 2285 quos
1290 2175 1506 2280 presentes
1542 2171 1809 2278 peruenerint
1842 2166 2058 2255 uniuersis.
2103 2170 2230 2274 Quod
2266 2204 2361 2259 cum

667 2287 670 2291 ⁴
712 2310 803 2385 orta
823 2291 1166 2380 fuissetmateria
1188 2286 1438 2398 questionis,
1467 2290 1576 2371 inter
1603 2290 1881 2377 venerabilem
1907 2298 1948 2370 et
1967 2291 2206 2403 religiosum
2227 2293 2360 2378 virum

711 2418 924 2501 dominum
945 2410 1116 2497 Petrum
1139 2411 1189 2491 de
1211 2408 1377 2519 Beytona
1397 2408 1661 2517 Propositum
1693 2408 1840 2493 domus
1863 2408 1913 2490 de
1927 2405 2231 2495 t'rzr'szuuowicr
2251 2413 2360 2498 ordi·

667 2630 669 2635 ,
710 2536 774 2617 nis
794 2530 1187 2644 premonstratensis
1211 2556 1262 2610 ex
1282 2554 1366 2611 vna
1388 2537 1431 2609 et
1451 2525 1709 2637 Boguslaum
1733 2524 1888 2609 dictum
1912 2527 2078 2612 Oonth'o
2099 2529 2228 2612 filium
2250 2531 2359 2616 Nos·

710 2656 827 2763 conis
850 2652 1063 2760 quondam
1086 2649 1137 2730 de
1162 2642 1457 2730 Crziszunowr'cz
1477 2644 1687 2728 Aduceati
1707 2646 1827 2757 parte
1849 2674 1899 2728 cx
1921 2648 2051 2731 altera
2079 2674 2206 2757 super
2227 2652 2359 2735 aduo-

711 2774 830 2855 cacia
852 2783 893 2851 et
916 2768 1079 2853 duobus
1111 2767 1268 2851 mansis
1300 2763 1567 2848 censualibus
1596 2763 1752 2848 ibidem
1772 2768 1817 2847 in
1840 2760 2150 2867 Crzlarnncror'cr,
2182 2768 2357 2853 tandem

708 2891 805 2973 hinc
827 2889 924 2975 inde
946 2889 1052 2970 inter
1072 2889 1186 2995 ipsos
1210 2884 1401 2969 dominos
1432 2884 1691 2969 vertentibus
1727 2885 1933 2989 terminis,
1953 2913 2029 2994 per
2045 2886 2355 2994 modumpecis

600 3028 602 3035 “
708 3019 751 3094 et
771 3007 1012 3110 concordie,
1032 3007 1133 3087 item
1152 3006 1259 3085 inter
1281 3028 1327 3084 se
1348 2999 1539 3086 fecerunt
1558 3003 1888 3107 ordinacionem,
1919 3004 2116 3086 videlicet
2134 3006 2251 3114 quod
2270 3004 2357 3092 Bo·

706 3128 879 3243 guslaus
899 3126 1113 3237 predictus
1135 3121 1379 3208 Aduocacie
1403 3133 1445 3203 et
1466 3121 1632 3205 duobus
1661 3122 1818 3207 mansis
1849 3122 2118 3205 censualibus·
2144 3124 2356 3235 predictis,

705 3249 884 3357 receptis
906 3242 960 3329 ab
983 3241 1375 3352 eodempreposito
1407 3267 1481 3323 sex
1501 3238 1652 3327 marcis
1673 3245 1716 3325 in
1735 3242 1915 3353 pecunia
1944 3253 2164 3324 numerata
2194 3254 2356 3353 tempo-

705 3367 820 3477 ribus
855 3360 1134 3474 perpetuiset
1150 3360 1282 3443 libere
1305 3369 1347 3443 ct
1366 3359 1601 3443 voluntarie
1634 3363 1897 3446 renunciauit
1931 3361 2139 3445 duraturis
2170 3364 2213 3443 in
2244 3350 2355 3447 hunc

703 3472 875 3570 modum
897 3482 1013 3594 quod
1032 3488 1112 3564 nec
1132 3472 1326 3595 ipse²nec
1346 3472 1451 3562 uxor
1470 3479 1605 3589 ipsius
1623 3508 1707 3565 nec
1729 3482 1887 3566 eciam..
1903 3478 2022 3563 liberi
2042 3482 2249 3589 ipsorum,
2268 3480 2354 3568 Bo-

704 3603 843 3719 guslai
864 3612 913 3684 et.
926 3601 1064 3685 vxoris
1087 3601 1176 3681 eius
1197 3597 1433 3711 predictum
1460 3602 1727 3713 prepositum
1747 3628 1837 3683 nec
1858 3600 1945 3681 eius
1967 3608 2231 3684 successores
2262 3630 2354 3686 are·

704 3734 817 3803 stare
837 3722 880 3802 in
900 3710 1112 3829 posterum
1132 3744 1208 3827 pro
1229 3708 1437 3825 predictis·
1461 3714 1693 3806 aduocacia
1714 3730 1756 3803 et
1776 3719 1938 3803 duobus
1960 3720 2115 3831 mansis
2136 3719 2254 3803 bonis
2274 3746 2352 3831 po·

703 3840 801 3922 terit
822 3840 973 3944 quouis
994 3838 1132 3921 modo.
1183 3836 1271 3918 Nos
1303 3863 1402 3920 vero
1432 3838 1671 3922 huiusmodi
1689 3839 2019 3952 resignacionem
2042 3832 2108 3921 sio
2122 3836 2199 3921 rite
2221 3840 2268 3922 et'
2282 3836 2351 3923 rat-¹

703 3955 963 4066 oionabiliter
983 3983 1125 4065 coram
1146 3953 1266 4039 nobis
1288 3951 1445 4069 factam
1459 3957 1770 4077 approbamus,
1800 3957 1948 4040 harum
1978 3951 2133 4065 quibus
2162 3968 2350 4042 nostrum

702 4075 887 4187 sigillum
908 4084 973 4157 est
993 4062 1486 4187 appensum'testimoni'u
1506 4070 1747 4181 litterarum.
1765 4066 1940 4193 [beturii
1956 4068 2350 4193 Cruoortie'proxima

702 4195 769 4279 die
790 4203 889 4276 ante
911 4194 1162 4277 dominicam
1184 4195 1226 4274 in
1249 4194 1398 4303 quain
1420 4194 1597 4279 ecclesia
1620 4196 1686 4280 dei
1705 4196 1859 4280 Let‘are
1957 4186 2217 4299 decantabat,
2251 4226 2348 4307 pre.-

698 4313 887 4397 sentibus
908 4311 1096 4397 Jascone
1117 4311 1391 4396 Oracouiensi
1410 4311 1629 4423 Raphaele
1651 4315 1904 4401 Wisliciensi
1928 4315 2054 4400 Petro
2077 4312 2348 4400 Szczecotski

700 4431 959 4517 Sandecensi
980 4430 1250 4533 Castellanis,
1273 4429 1534 4517 Swantoslao
1558 4433 1811 4538 Camerario,
1830 4433 2023 4546 Nycolao
2038 4433 2176 4518 Puscz
2192 4432 2346 4518 Judice

573 4614 576 4629 .
699 4550 868 4633 Andrea
908 4549 1139 4635 Subiudice
1182 4548 1534 4636 Oracouiensibus
1556 4563 1600 4637 et
1620 4554 1710 4638 aliis
1731 4582 1858 4667 quam
1893 4551 2079 4665 plurimis
2119 4551 2345 4665 fidedignis

698 4667 778 4752 sub
800 4697 908 4754 anno
931 4670 1087 4753 domini
1105 4670 1348 4757 MOOOLX
1370 4698 1493 4757 non0.

804 4903 842 4983 (¹)
864 4901 916 4967 Ex
931 4902 1122 4990 archetypo,
1139 4902 1227 4987 quod
1242 4901 1414 4970 nobiscum
1428 4903 1679 4969 communicavit
1694 4905 1878 4973 vladislaus
1895 4903 2183 4984 Wieczorkowski,
2199 4903 2346 4993 descrip-

700 4996 778 5053 tum.
800 4986 1017 5075 Archetypon
1031 4986 1127 5055 hodie
1143 4986 1263 5053 sublati
1279 4987 1433 5055 coenobii
1449 4985 1670 5056 Witowiensis
1685 4991 1772 5078 apud
1789 4990 2015 5058 Petricowiam
2028 4990 2206 5078 proprium.
