5409 6309
1355 798 1634 871 alus-³·

657 1008 859 1118 precipue
878 1030 976 1107 cum
996 993 1221 1077 maxima...
1242 1017 1320 1102 pro
1341 998 1548 1105 religione
1568 991 1711 1076 faeiat.
1735 995 1894 1077 Notum
1906 1021 2009 1078 esse
2025 993 2331 1100 volumurt‘irui⁹
2367 1098 2375 1104 ⁹

657 1127 789 1208 versis
800 1114 1073 1229 presentibus
1091 1111 1312 1214 ctfirturis.
1346 1111 1570 1212 Quomodo
1587 1138 1664 1195 nos
1680 1111 1842 1195 Lestko
1853 1113 1935 1193 dei·
1944 1114 2091 1222 grauia
2107 1109 2208 1196 Dr&
2223 1113 2330 1198 Cra·
2355 1119 2361 1134 “
2416 1161 2421 1168 =

658 1242 779 1325 oovie
800 1234 1064 1320 Sandomirie
1087 1241 1130 1312 ct
1152 1230 1318 1339 Siradie
1338 1232 1699 1315 omneeaetiones'
1719 1232 1953 1341 legittimae
1971 1237 2210 1315 nostrorum
2222 1259 2328 1339 pro·

658 1358 896 1466 genitorum
916 1354 1015 1432 ritte
1036 1348 1174 1432 factas
1194 1351 1239 1431 in
1259 1359 1376 1432 statu
1395 1348 1685 1460 volentespro
1707 1347 1810 1460 (sio)
1844 1348 2045 1431 ineolmni
2064 1373 2324 1455 permanere.
2445 1410 2455 1426 .

655 1630 794 1699 Polonie
816 1629 959 1714 Magnus
976 1626 1041 1691 dux
1056 1624 1242 1711 Lytbuanie
1257 1646 1319 1690 neo
1336 1648 1404 1692 non
1417 1634 1579 1690 terrarum
1596 1621 1759 1690 Cracovie
1787 1623 1995 1690 Sandomirie
2021 1621 2151 1688 Stratie
2167 1619 2326 1689 Lancicie
2367 1611 2379 1627 ⁸

657 1713 794 1785 Cuiavie
809 1714 930 1778 Russie
944 1711 1081 1777 Prussie
1097 1709 1284 1776 Culmensis
1299 1708 1513 1807 Elbingensis
1529 1708 1794 1790 Pomeranieque
1807 1706 1960 1782 dominus
1972 1706 2116 1772 etheree
2129 1715 2193 1774 eto·
2209 1708 2334 1793 Signi-⁸

449 1862 458 1870 .
550 1844 557 1848 -
656 1803 791 1866 ficamus
806 1809 922 1862 tenore
937 1793 1147 1880 presencium
1163 1792 1283 1875 quibus
1299 1794 1437 1888 expedit
1451 1794 1616 1859 universis
1632 1791 1848 1875 presentibus
1860 1801 1893 1856 et
1908 1792 2027 1878 futuris
2040 1790 2154 1856 barum
2169 1791 2325 1868 noticiam

655 1883 826 1951 habituris.
851 1879 1028 1962 Quomodo
1044 1878 1077 1942 in
1094 1887 1212 1941 nostra
1225 1875 1563 1960 Consilrariorumq'ue
1595 1884 1785 1940 nostrorum
1800 1877 1975 1961 presencia
1989 1875 2189 1940 constitutus
2205 1879 2324 1959 pelso-

655 1968 772 2034 naliter
787 1963 997 2030 Venerabilis
1013 1972 1048 2027 et
1063 1961 1251 2046 Religiosus
1273 1961 1442 2046 'Magister
1467 1961 1639 2027 «Iohannes
1667 1959 1790 2024 Abbas·
1807 1961 2002 2044 Monusterij
2019 1958 2268 2025 unctuosius
2282 1960 2325 2024 de

587 2083 591 2098 ι
656 2053 760 2122 Calvo
775 2058 900 2128 monte,
917 2046 1044 2112 ordinis
1061 2045 1166 2110 saneti
1181 2045 1369 2131 Benedictj‚
1387 2068 1448 2110 suo
1462 2056 1498 2112 et
1513 2046 1622 2110 tocius
1649 2043 1844 2112 Conventus
1869 2043 2067 2128 Monaeterij
2084 2043 2208 2128 prefati
2218 2045 2326 2110 uomi-

655 2135 762 2201 uibus·
778 2131 927 2198 exhibuit
942 2140 1051 2196 certas
1072 2128 1238 2215 privilegij
1262 2127 1375 2195 literas
1390 2130 1630 2214 infrascriptos.
1648 2125 1729 2191 licet
1743 2131 1843 2196 nimie
1855 2137 2018 2193 vetustate
2036 2130 2219 2211 consectas,
2235 2149 2325 2191 mor-

655 2242 758 2303 suque
773 2217 932 2283 vermium
948 2235 1086 2299 exesas„
1104 2213 1193 2277 omni
1220 2225 1331 2278 tamen
1346 2214 1548 2299 suspicionis
1564 2223 1644 2277 nota
1660 2221 1831 2278 carentes!
1858 2212 2131 2299 supplicantque
2160 2209 2326 2278 humiliter

655 2314 768 2371 nostre
794 2299 962 2367 Maiestati
978 2308 1013 2361 nt
1029 2298 1102 2363 illas
1127 2317 1291 2362 renovare
1318 2320 1359 2382 ap
1386 2296 1505 2362 rebare
1522 2308 1555 2362 et
1569 2296 1764 2361 confirmare
1791 2298 1979 2384 benigniter
1995 2297 2216 2383 dignaremur,
2233 2296 2323 2379 Quo-

655 2404 729 2454 rum
741 2387 889 2468 sequitur
904 2394 1012 2448 tenor.
1035 2383 1119 2462 (Huc
1132 2384 1334 2468 privilegium
1379 2387 1402 2445 ⁰.
1418 2382 1540 2461 LXII).
2146 2449 2151 2458 ,

760 2469 829 2535 Noe
844 2469 955 2549 itaque
971 2466 1093 2550 prefati
1107 2466 1251 2533 Abbatis
1266 2467 1442 2548 tociusque
1457 2467 1528 2531 eius
1544 2464 1738 2532 Conventus
1765 2462 1989 2549 peticionibus
2008 2475 2162 2548 tanquam
2180 2464 2277 2530 iustis
2292 2476 2325 2530 et

656 2554 783 2620 racioni
798 2551 958 2617 consonis
974 2560 1155 2615 annuentes
1171 2551 1374 2634 preinsertas
1389 2549 1555 2634 privllegij
1571 2550 1684 2613 literas
1699 2546 1797 2612 velud
1805 2550 1886 2630 (sie)
1901 2551 1987 2613 iuste
2004 2559 2038 2614 et
2052 2548 2212 2613 leoittime
2229 2548 2323 2615 datas

539 2707 542 2716 ,
655 2641 696 2704 de
713 2635 941 2701 munificencia
955 2632 1162 2699 celsitudinis
1188 2643 1303 2698 nostre
1331 2635 1435 2720 Regis
1456 2622 1665 2698 ratificandas
1681 2633 1914 2717 approbandas
1929 2604 2136 2698 innovandas
2152 2641 2186 2696 et
2201 2633 2323 2702 contire

657 2719 775 2786 manda
790 2719 869 2799 (sic)
886 2717 1047 2797 duximus,
1057 2718 1328 2800 ratificamusque
1344 2716 1567 2801 approbamus
1597 2718 1790 2781 innovamus
1806 2728 1839 2782 et
1854 2716 2084 2782 confirmamus
2099 2716 2323 2802 presentibus,

656 2808 874 2870 decernentes
891 2807 947 2866 eas
964 2802 999 2865 in
1015 2800 1166 2882 omnibus
1185 2800 1318 2886 punctis
1335 2801 1482 2866 articulis
1498 2810 1532 2865 et
1547 2800 1703 2878 clausulis
1718 2822 1757 2864 ao
1773 2800 2028 2866 condicionibus
2043 2800 2146 2864 robur
2161 2822 2222 2883 per
2247 2812 2322 2865 etue
2348 2843 2351 2848 «

656 2889 818 2953 firmitatis
844 2884 1079 2950 inviolabiliter
1106 2885 1294 2951 observare.
1332 2887 1491 2950 Preterea
1507 2885 1581 2949 dum
1598 2883 1745 2948 clausula
1758 2884 1792 2947 in
1807 2884 1957 2969 presenti
1971 2884 2147 2969 privilegio
2163 2823 2324 2949 ratibceta
2386 2941 2393 2949 .

655 2973 720 3039 sori
745 2981 780 3037 ta
795 2970 835 3036 de
852 2971 998 3053 quinque
1012 2969 1277 3056 mastrugeerj
1294 2969 1364 3035 sale
1381 2992 1422 3035 ex
1437 2970 1554 3054 zuppis
1568 2967 1823 3048 Bochuensibus
1840 2967 2008 3052 solvendis
2020 2968 2173 3036 nonnulis
2189 2967 2323 3032 dubium
2342 2990 2353 2999 ’

654 2995 859 3140 intelligendi
873 3064 1008 3139 pareret
1023 3052 1169 3137 quidque
1185 3043 1382 3118 solvendum
1405 3062 1498 3119 esset
1523 3049 1675 3138 ambigua
1701 3053 1877 3117 contencio
1895 3074 2112 3136 sepenumero
2129 3051 2334 3136 erigebatur*
2398 3075 2402 3080 ·
2509 3115 2515 3124 ,

594 3185 599 3190 ·
653 3142 732 3222 (sio)
755 3137 894 3225 proinde
921 3137 1075 3216 volentes
1090 3161 1132 3202 ne
1149 3138 1229 3219 quid
1241 3138 1391 3222 posteris
1408 3136 1496 3221 dubij
1514 3138 1547 3201 in
1562 3159 1602 3201 eo
1619 3135 1824 3220 relinquatur
1840 3135 2019 3200 clausulam
2031 3134 2120 3200 illam
2134 3135 2322 3223 intelligen-

654 3228 726 3292 dam
740 3221 1088 3307 interpretandamque
1104 3221 1321 3287 decrevimus.
1338 3241 1446 3304 eoque
1460 3220 1564 3284 modo
1578 3219 1832 3304 interpretamur
1850 3219 2149 3303 Sraumusqued
2163 3219 2323 3306 hippus
2340 3261 2345 3269 ·

651 3307 871 3386 Bocbnenees
887 3328 948 3389 pro
965 3314 1117 3390 tempore
1144 3306 1327 3380 existentes
1352 3305 1483 3391 prefato
1508 3304 1644 3387 Abbati,
1671 3305 1802 3387 totique
1827 3303 2114 3372 stercoream
2141 3317 2326 3389 eorumque

653 3389 906 3459 successoribus
934 3390 1077 3472 quinque
1105 3387 1184 3458 salis
1209 3389 1358 3456 banoeos
1384 3390 1534 3473 integros
1558 3387 1801 3458 Orucovienses
1830 3390 1964 3453 racione
1984 3388 2162 3454 earundem
2177 3390 2320 3472 quinque

650 3497 833 3541 marcamm
858 3475 987 3559 argentj
1012 3473 1151 3558 singulis
1165 3476 1258 3540 annis
1276 3475 1354 3539 dare
1371 3461 1537 3537 debebunt
1553 3481 1586 3536 et
1600 3472 1800 3536 tenebuntur
1815 3482 1977 3557 perpetuo
1993 3484 2027 3538 et
2042 3474 2077 3537 in
2092 3494 2187 3538 evum
2203 3484 2319 3539 tenore

650 3560 861 3646 presencium
887 3556 1062 3622 mediante.
1101 3557 1140 3620 ln
1155 3559 1249 3623 ouius
1277 3559 1325 3624 rei
1347 3556 1571 3622 testimouium
1598 3554 1748 3640 Sigillum
1774 3564 1922 3621 nostrum
1947 3556 2159 3640 presentibus
2175 3557 2320 3623 est'sub·

651 3665 842 3729 appensum.
879 3641 999 3718 Actum
1019 3641 1053 3704 iu
1068 3640 1306 3707 Conveneione
1332 3639 1480 3727 generali
1505 3637 1700 3719 Lublinensi
1729 3639 1877 3714 Subbato
1903 3641 1978 3724 feet]
2008 3645 2113 3726 sanctj
2141 3639 2317 3708 Valentini.

649 3729 751 3798 Anno
771 3725 905 3792 ,domini
921 3723 1096 3789 Millesimo
1114 3725 1380 3807 quingentesimo
1398 3734 1493 3788 sexto
1510 3723 1617 3809 Regni
1633 3723 1740 3789 nostri
1755 3723 1881 3807 quinto.
1918 3723 2135 3789 Presentibus
2151 3725 2318 3792 Reueren-

652 3809 796 3876 dissimis
812 3816 846 3873 et
860 3807 1067 3873 Reuerendis
1084 3809 1118 3871 in
1134 3807 1271 3875 Christo
1299 3806 1450 3895 patribus
1474 3807 1614 3872 dominis
1638 3807 1775 3874 Andrea
1793 3805 1984 3875 Gneznensi
2000 3817 2033 3873 et
2047 3809 2196 3893 primate.
2234 3812 2319 3876 Ber·

650 3893 790 3959 nardino
818 3891 1037 3975 Leopoliensi
1065 3891 1353 3977 Arcbiepiseopis‚
1381 3892 1515 3957 Joenne
1545 3892 1780 3960 cracoviensis
1809 3891 1994 3959 Vinoeuoio
2032 3892 2322 3978 wladislaviensis

543 3995 548 4006 “
649 3976 1037 4047 loannePoznaniensis
1052 3975 1192 4041 Erasmo
1209 3976 1403 4042 Ploczensis
1417 3975 1545 4041 Mathia
1559 3975 1802 4041 Promisliensis
1819 3986 1852 4040 et
1867 3978 1974 4065 Regni
1990 3976 2127 4041 Polonie
2150 3976 2316 4043 Vicecan·

654 4060 788 4130 cellario
804 4059 930 4143 Episco
957 4059 985 4123 is
1002 4069 1035 4123 et
1047 4058 1186 4124 Nicoluo
1202 4060 1247 4125 de'
1260 4061 1444 4145 Coerzpelerz
1473 4059 1579 4126 electo
1596 4059 1802 4127 Chelmensis
1824 4060 2049 4127 ecclesiarum.
2081 4060 2148 4126 Nec
2165 4083 2232 4126 non
2247 4085 2316 4126 ma-

650 4144 782 4236 gnificis
798 4083 1053 4207 Venerabilibus
1069 4151 1103 4208 et
1119 4145 1295 4230 generosis
1322 4143 1488 4250 Spitkone
1502 4144 1542 4207 de
1558 4145 1717 4209 Jorotlow
1746 4142 1934 4210 Castelleuo
1962 4147 2092 4210 doanne
2113 4143 2154 4208 de
2172 4144 2317 4210 'I'arnow

650 4229 797 4317 palatino
824 4226 1104 4294 Cracoviensibus
1130 4228 1269 4293 Andrea
1283 4226 1325 4292 de
1343 4229 1530 4294 ›brbamotrli
1557 4227 1776 4291 Poznanieusi
1798 4228 1935 4294 Nicolao
1951 4229 1991 4294 de
2011 4231 2219 4318 tumr'jmpcrz
2230 4230 2318 4298 San-

653 4310 844 4381 domiriensi
859 4310 997 4377 Nicolao
1014 4311 1183 4380 Gardzina
1195 4312 1434 4378 tenemusne
1458 4311 1653 4380 Calissien'si
1668 4310 1823 4377 derosleo
1838 4312 1880 4377 de
1897 4316 1999 4379 Laelio
2024 4314 2237 4379 Laneioien'si
2253 4315 2316 4381 do-

648 4421 731 4464 anne
747 4397 788 4462 de
808 4397 960 4461 Tturrrou
979 4396 1098 4459 Russie
1121 4395 1313 4460 Prandotba
1335 4396 1375 4460 de
1395 4399 1481 4462 l’rrai
1496 4421 1558 4461 ona
1580 4396 1725 4460 liuvensi
1746 4396 1913 4468 stanisleo
1936 4395 2070 4461 Kmitba
2091 4395 2132 4462 de
2160 4398 2319 4485 litamine
2413 4459 2418 4466 .

540 4554 544 4564 ,
581 4548 583 4551 Α
649 4481 801 4548 Belzensi
814 4490 851 4565 et
864 4480 969 4544 Paulo
985 4478 1071 4545 Colo
1087 4480 1129 4542 de
1214 4505 1262 4546 ow
1275 4478 1415 4546 Podolie
1433 4421 1592 4548 Paiatiois
1608 4479 1697 4545 Otba
1712 4480 1752 4544 de
1770 4480 1901 4558 t'lrodee'e
1916 4481 2133 4565 Leopoliensi
2154 4483 2257 4546 Petro
2273 4483 2314 4547 de

648 4563 839 4652 Npcrryylow
870 4562 1024 4628 Ravensi
1049 4561 1176 4627 Mathia
1266 4566 1307 4629 de
1323 4565 1515 4632 Novotonrze
1542 4563 1748 4630 Senecaensi
1770 4561 1939 4631 Stanislao
1956 4562 2180 4649 Curopathvve
2194 4566 2315 4632 deLu·
2353 4615 2359 4622 .

647 4650 779 4715 atomo
798 4643 987 4735 Chelmensi
1011 4645 1142 4712 totone
1168 4646 1347 4732 Slupeczlri
1370 4648 1410 4713 de
1435 4652 1549 4714 tettae·
1566 4647 1791 4724 Sand'eouensi
1816 4649 1948 4714 Jaoobo
1965 4649 2006 4713 de
2022 4649 2171 4736 Spatura
2194 4648 2317 4715 Voiui·

646 4730 753 4815 ciensi
777 4729 880 4793 Petro
908 4728 1153 4816 Schafrenijeea
1175 4732 1216 4797 de
1240 4731 1435 4821 Pyttrblrova
1452 4733 1541 4797 stulu
1562 4731 1753 4797 Vislieiensi
1784 4733 1915 4800 Joaune
1946 4734 2076 4800 Jordan
2090 4733 2133 4796 de
2152 4734 2243 4801 Zau·

547 4867 556 4884 .
646 4815 832 4914 Byecrensi
847 4810 1013 4880 Stanislso
1035 4812 1077 4880 de
1102 4816 1369 4905 Mbdzyepowr‘ezc
1384 4815 1599 4881 Radomiensi
1620 4817 1767 4880 Muttine
1788 4816 2006 4884 Skotbniozlri
2034 4817 2078 4881 de
2094 4817 2236 4905 Reperio
2297 4851 2313 4864 -

647 4893 1042 4965 wroboetlrenei‘Andrea
1055 4898 1096 4966 de
1111 4901 1344 4988 Rodzcyowieu
1367 4898 1650 4966 Soobaczovieusi
1671 4901 1855 4967 leronimo·
1868 4901 1911 4966 de
1932 4901 2081 4987 Cotylam
2096 4900 2313 4986 Resperierrei
