5409 6309
1063 761 1390 842 -ιι-·

423 964 668 1053 Voisoelaus
688 961 841 1075 Agazo
864 959 1235 1048 Sandomiriensis.
1268 958 1483 1049 Geoeeca.
1518 959 1737 1049 Virbenta.
1768 961 2025 1050 Przibislaus

423 1087 599 1169 nutritor
621 1081 679 1193 (P)
701 1083 834 1165 ducis.
858 1091 901 1163 et
919 1082 1059 1190 plures
1081 1081 1164 1188 alij.
1205 1079 1264 1164 Et
1281 1109 1335 1162 ne
1357 1109 1485 1191 super
1520 1083 1737 1191 premissis
1770 1085 1915 1194 aliqua
1950 1110 2028 1166 va·
2084 1146 2090 1152 .

420 1204 508 1286 leat
536 1205 581 1283 in
611 1208 828 1309 posterum
849 1200 945 1316 oriri
967 1197 1163 1280 dubietas
1197 1208 1441 1306 presentem
1476 1209 1640 1281 cartam
1677 1200 1870 1284 duximus
1902 1197 2030 1310 sigilli

422 1318 554 1403 nostri
584 1317 814 1399 munimine
842 1326 884 1397 et
904 1315 1136 1427 sigillorum
1175 1343 1453 1423 personarum
1473 1316 1853 1426 superscriptanrm
1883 1317 1927 1397 in
1941 1325 2030 1399 tes·

421 1436 643 1518 timonium
677 1431 973 1516 roborandam.
1019 1430 1131 1513 Acta
1166 1441 1266 1513 sunt
1296 1434 1392 1528 heo.
1414 1459 1526 1518 anno
1547 1433 1604 1515 ab
1625 1434 1923 1517 incarnacione
1946 1431 2022 1532 do·
2070 1501 2073 1508 .

423 1551 536 1658 minj.
578 1549 814 1663 Millesimo.
849 1549 1151 1630 ducentesimo.
1196 1550 1529 1658 quadragesimo
1569 1550 1719 1661 quinto
1763 1547 1915 1657 (1245)
1936 1547 2028 1630 Da·

370 1735 375 1744 .
412 1679 512 1751 ,tum
531 1668 574 1745 in
598 1662 741 1747 Crober
755 1689 906 1764 ¹mense
927 1657 1057 1771 Maijo
1075 1664 1240 1748 decimo
1261 1668 1443 1774 septimo
1463 1664 1671 1750 kalendas
1693 1663 1827 1773 Junij.
1847 1664 2027 1749 indicio·
2080 1769 2083 1777 ¹

421 1781 478 1867 ne
494 1784 630 1864 tercia
649 1780 734 1891 (¹).
824 1819 831 1824 ·

373 1931 378 1942 ¹
464 1901 554 1984 Nos
570 1900 716 2008 itaque
738 1894 1039 2007 sigismundus
1060 1895 1154 1980 Rex
1174 1896 1396 2006 prefatus..
1417 1896 1731 2006 supplicacioni
1762 1895 1918 2006 prefati
1938 1894 2025 1980 Ve-

360 2014 562 2102 nerabilis
581 2013 745 2118 Alberti
764 2013 948 2096 Abbatis
970 2024 1178 2124 tanquam
1191 2015 1308 2121 juste
1327 2014 1517 2125 benigne
1548 2024 1796 2097 annuentes.
1829 2014 2026 2098 conside·

360 2143 591 2243 rantesque
610 2131 750 2216 literas
771 2133 1026 2239 preinsertas
1048 2157 1156 2222 esse.
1178 2132 1331 2216 salvas.
1368 2133 1522 2215 illesas.
1543 2159 1630 2215 non
1650 2132 1829 2214 viciatas
1850 2141 1894 2213 et
1914 2135 2029 2215 omni

299 2349 306 2360 ,
361 2276 532 2363 prorsus
554 2250 808 2357 suspicionis
829 2258 932 2332 nota
952 2257 1146 2330 carentes
1169 2261 1241 2330 eas
1261 2251 1455 2333 innovari
1471 2248 1664 2332 fecimus.
1681 2249 2023 2359 auctoritateque

217 2399 226 2414 ’
359 2378 506 2453 nostra
526 2366 671 2477 Regia
683 2367 728 2477 in
750 2366 944 2448 omnibus
965 2366 1136 2468 illarum¹
1148 2367 1332 2473 punctis.
1372 2367 1568 2456 clausulis
1590 2375 1634 2447 et
1654 2361 1850 2449 articulis
1871 2387 2026 2474 appro-

358 2486 568 2569 bavimus.
610 2481 927 2566 ratificavimus.
946 2493 1006 2563 'et
1047 2482 1400 2567 confirmavimus.
1433 2479 1808 2593 approbamusque
1838 2479 2025 2564 ratifica-

289 2641 298 2654 =
361 2607 454 2685 mus
478 2610 520 2682 et
539 2600 838 2683 confirmamus
859 2600 1127 2706 presentibus
1150 2597 1430 2684 decernentes
1460 2601 1634 2683 easdem
1663 2600 1805 2683 literas
1835 2625 2024 2682 necnon

275 2811 278 2815 Δ
341 2709 501 2802 ‘omnia
522 2725 566 2797 et
586 2717 754 2826 singula
769 2718 815 2798 in
834 2716 912 2799 illis
935 2725 1150 2800 contenta.
1171 2718 1215 2799 in
1237 2745 1418 2830 quorum
1438 2745 1520 2800 usu
1551 2726 1595 2799 et
1613 2716 1893 2826 possessione
1918 2740 2022 2798 con·
2072 2740 2077 2756 ·

358 2838 522 2918 tinuata
542 2833 654 2914 idem
676 2831 826 2914 Abbas
849 2842 894 2914 et
910 2833 1237 2940 predecessores
1258 2837 1324 2916 sui
1343 2833 1554 2918 Abbates.
1575 2862 1743 2942 semper
1754 2832 1935 2913 fuerunt.
1956 2859 2026 2915 ro·

357 2956 436 3036 bur
453 2950 596 3034 debite
616 2959 909 3058 perpetueque
944 2949 1153 3032 firmitatis
1176 2950 1332 3032 debere
1353 2949 1558 3032 obtinere.
1596 2953 1653 3034 ·In
1675 2952 1795 3030 cuius
1816 2949 1878 3030 r'ei
1899 2948 2023 3028 testi·'

341 3070 546 3154 monium
567 3065 761 3174 Sigillum
781 3065 972 3147 nostrum
987 3066 1256 3171 presentibus
1287 3059 1354 3149 est
1385 3091 1635 3174 appensum.
1679 3066 1840 3147 Datum
1863 3063 2024 3170 Craco·

235 3185 255 3202 ”
357 3189 427 3269 vie
447 3182 631 3266 sabbato
652 3190 751 3261 ante
771 3179 926 3263 festum
948 3181 1226 3265 Sanctissime
1248 3181 1469 3264 Trinitatis
1491 3182 1695 3289 proximo.
1741 3179 1872 3288 Anno
1890 3177 2037 3264 domi·‘

203 3388 215 3396 ,
358 3303 401 3383 ni
422 3298 641 3410 Millesimo
663 3291 1004 3409 quingentesimo
1024 3299 1243 3411 trigesimo
1257 3299 1392 3383 tercio
1405 3294 1574 3413 (1533).
1604 3297 1746 3410 Regni
1760 3298 2022 3398 nostrianno

357 3417 565 3529 vigesimo
585 3414 779 3524 septimo.
809 3416 1085 3501 Presentibus
1107 3415 1264 3527 quibus
1286 3443 1430 3526 supra.

259 3692 265 3703 ι
356 3613 444 3697 tisis,
461 3635 544 3714 qnae
560 3611 756 3701 collegimus
770 3610 806 3678 in
820 3620 937 3677 nostro
953 3611 1188 3700 archeologico
1202 3611 1335 3693 itinere,
1350 3613 1477 3698 primus
1491 3609 1554 3676 fuit
1567 3605 1775 3698 temporibus
1789 3605 1950 3677 vladislai
1964 3606 2023 3677 Ja-

316 3763 325 3769 .
355 3699 500 3787 'gelloms
512 3697 669 3763 fundator
682 3694 888 3779 praelaturae
904 3696 1182 3762 Sandomiriensis
1198 3696 1370 3779 ecclesiae,
1386 3719 1484 3782 qnam
1490 3698 1671 3761 cantoriam
1685 3691 1873 3793 appellarit

464 3783 509 3864 (1⁷)
529 3781 656 3861 erru'
703 3829 712 3857 ,
733 3778 942 3865 Andrejovia
954 3781 1189 3847 monasterium
1214 3779 1450 3849 Cisteroiensis
1466 3781 1606 3864 ordinis,
1635 3779 1716 3847 urbs
1731 3802 1766 3842 ιιι
1779 3778 1898 3864 Regno
1924 3773 2022 3844 Polo·

355 3866 442 3950 niae,
456 3865 617 3934 territorii
656 3863 731 3933 odie
745 3861 945 3949 Kielcensis,
959 3865 1107 3952 regionis
1133 3886 1211 3933 suae
1226 3864 1370 3935 nominis
1385 3873 1496 3953 caput
1525 3866 1673 3937 Ctrobm
1685 3862 1763 3931 vide
1778 3882 1890 3948 supra.
