5409 6309
1383 823 1780 899 -188-,

666 1043 915 1120 sectentur.
947 1031 1005 1114 Et
1023 1036 1073 1109 ut
1092 1024 1291 1110 Oivitatis
1314 1024 1503 1108 eiusdem
1524 1025 1719 1111 condicio
1741 1022 1992 1126 melioretur,
2012 1023 2199 1108 annuale
2219 1024 2357 1118 lomm

681 1155 727 1235 in
747 1152 855 1237 festo
887 1147 1014 1230 beate
1052 1143 1295 1253 Margarete
1331 1169 1471 1254 usque
1493 1143 1662 1226 adeius
1699 1139 1912 1226 Octavam
1943 1140 2103 1234 servari
2135 1152 2180 1225 et
2208 1142 2358 1228 haberi

525 1329 529 1338 .
681 1272 995 1358 volumus-cum
1017 1261 1261 1346 omnimoda
1279 1259 1499 1367 libertate;
1531 1261 1748 1345 Monetam
1780 1259 1914 1343 eciam
1935 1286 2013 1368 pro
2033 1259 2217 1344 utilitate
2231 1260 2357 1347 Civi-

683 1388 783 1468 tatis
803 1382 1138 1495 peradvocatos
1169 1378 1490 1461 instaurandam
1521 1378 1797 1463 concedimus
1829 1387 1874 1457 et
1893 1375 2100 1461 favemus.
2154 1379 2356 1466 (ictorum
2473 1373 2477 1380 ’

683 1504 763 1587 alie
784 1498 882 1616 (sic)
904 1497 935 1582 J
937 1496 1059 1582 ncole
1088 1495 1376 1606 undecunque
1406 1499 1627 1579 venientes
1649 1495 1704 1577 ad
1724 1492 2047 1577 inhabitandam
2079 1499 2217 1602 ipsam
2239 1497 2356 1583 Civi-

680 1632 815 1705 tatem
834 1639 913 1727 per
937 1617 1117 1696 ducatus
1138 1622 1306 1697 nostros
1338 1614 1546 1698 Oracovie
1570 1623 1614 1696 et
1634 1611 1918 1717 Sandomirie,
1952 1613 2131 1698 liberum
2167 1614 2359 1698 habeant

596 1775 600 1782 ·
680 1738 905 1823 transitum
946 1760 972 1815 a
992 1730 1199 1814 theloneis
1232 1731 1528 1835 absolvuntur,
1553 1740 1595 1812 et
1614 1731 1742 1839 ijdem
1763 1729 1918 1812 Jncole
1938 1730 1982 1811 in
2005 1728 2190 1815 Ciuitate
2211 1757 2356 1816 como·

680 1864 824 1941 rantes
845 1878 922 1961 per
940 1859 1166 1960 utramque
1196 1844 1422 1948 Warthan,
1444 1850 1490 1931 id
1511 1857 1577 1931 est
1597 1848 1757 1930 brocam
1774 1849 1819 1929 in
1838 1847 2014 1956 wulgari
2034 1875 2181 1931 versus
2204 1847 2356 1961 Unge-

662 1974 807 2075 .riam‚
838 1970 894 2052 ad
924 1965 1081 2050 nullum
1114 1966 1249 2047 eciam
1285 1964 1529 2050 theloneum
1549 1974 1788 2048 teneantur
1849 1965 2132 2075 Adiungimus
2156 1967 2291 2049 eciam
2310 1970 2355 2051 in

599 2113 602 2120 ’
681 2083 949 2201 presentibus
986 2084 1284 2187 decernentes,
1303 2110 1359 2163 ne
1380 2084 1477 2203 quis
1507 2086 1552 2165 in
1584 2084 1731 2193 spacio
1768 2084 1893 2164 unius
1928 2080 2099 2166 Miliaria
2138 2085 2195 2165 ad
2230 2111 2355 2170 omne

681 2208 793 2291 latus
816 2204 1011 2291 Civitatis
1033 2202 1223 2284 eiusdem
1244 2199 1498 2283 thabernam
1534 2200 1727 2285 braxare
1738 2201 1897 2284 audeat
1917 2200 1999 2285 ullo
2019 2202 2170 2306 ¹modo3
2209 2202 2355 2285 decer·
2380 2199 2385 2204 ’

682 2324 862 2406 nentes
851 2351 896 2404 m
917 2321 1064 2432 spacio
1085 2319 1236 2401 eodem
1256 2317 1372 2400 nulla
1390 2345 1469 2426 per
1490 2321 1732 2429 quempiam
1766 2318 1946 2401 artificia
1977 2345 2185 2402 exercere.
2237 2319 2355 2460 Apli-

605 2461 611 2474 ·
683 2468 830 2525 camus
864 2439 998 2521 eciam
1032 2435 1169 2517 eidem
1201 2433 1377 2519 Civitati
1397 2436 1454 2516 ad
1474 2437 1700 2518 utilitatem
1731 2463 1879 2519 nemus
1913 2437 2099 2519 exomni
2130 2441 2355 2547 parte‚pi·

648 2581 651 2588 '
683 2553 925 2641 scacior'rem
950 2564 993 2637 et
1011 2553 1288 2637 venacionem
1308 2554 1352 2635 in
1372 2553 1498 2635 metis
1521 2563 1565 2656 et
1584 2555 1772 2637 terminis
1786 2555 1995 2662 ipsorum.
2034 2553 2233 2640 Prediota
2251 2583 2353 2640 vero

609 2775 611 2782 ᾗ
685 2674 847 2761 Civitas
868 2674 1010 2757 locata
1033 2698 1128 2753 esse
1148 2669 1279 2753 debet
1298 2668 1380 2754 sub
1402 2669 1581 2780 duribus
1602 2672 1814 2754 universis
1826 2670 2253 2782 Meydburgensibus‚
2269 2701 2354 2784 que

681 2796 727 2876 in
750 2792 933 2876 Ciuitate
956 2789 1228 2875 Oracoviensi
1262 2816 1428 2870 exnunc
1460 2790 1629 2899 vigent,
1649 2800 1695 2872 et
1714 2789 1924 2872 hactenus
1959 2790 2206 2898 viguerunt,
2228 2798 2276 2872 ut
2297 2791 2353 2871 ad

682 2908 765 2994 -Jus
785 2908 944 2994 ibidem
965 2906 1244 3026 prescriptum
1263 2914 1503 3009 recurrant,
1525 2909 1561 2988 si
1584 2906 1637 2988 de
1659 2908 1802 3016 aliquo
1823 2906 1949 2989 firerit
1969 2905 2218 2989 dubitatum.
2249 2907 2353 2989 Pre-

619 3091 624 3100 .
671 3027 819 3109 'dictas
852 3034 994 3109 autem
1026 3017 1251 3127 utilitates,
1277 3023 1413 3106 dictis
1451 2966 1672 3108 advocatis
1710 3019 1940 3107 Berth01d0
1972 3033 2016 3105 ct
2044 3023 2230 3107 Amoldo
2253 3051 2371 3137 curn¹
2443 3085 2448 3094 .

681 3145 769 3227 suis
790 3141 990 3226 fratribus
1012 3142 1220 3225 universis
1242 3151 1286 3224 et
1308 3168 1452 3224 eorum
1482 3121 1799 3225 successoribus
1828 3127 2051 3252 legittimis
2067 3140 2166 3254 (sic)
2197 3143 2352 3225 liberas

681 3261 738 3346 ad
756 3261 1052 3362 vendendum,
1075 3261 1132 3346 ad
1153 3261 1400 3342 donandum
1428 3257 1604 3370 prefatis
1636 3257 1813 3344 duribus
1843 3260 2060 3369 perpetuis
2089 3259 2351 3371 temporibus

682 3365 993 3480 condonamus,
1017 3388 1060 3460 et
1080 3378 1253 3459 easdem
1282 3377 1393 3460 inter
1423 3403 1470 3461 se
1500 3380 1739 3488 percipiant
1770 3387 1812 3460 et
1840 3378 2085 3487 parciantur
2115 3379 2351 3461 secundum

660 3496 892 3613 justiciam
914 3523 1006 3603 pan
993 3495 1166 3579 ‘.modo
1228 3494 1279 3576 In
1300 3495 1421 3577 cuius
1441 3497 1503 3576 rei
1523 3498 1812 3579 testimonium
1848 3504 2066 3605 presentes
2097 3495 2190 3579 fieri
2213 3507 2256 3579 et
2274 3521 2351 3580 no-
2464 3547 2473 3563 ·

681 3623 862 3697 strorum
894 3611 1185 3730 Sigillorum
1167 3613 1398 3694 munimine
1428 3613 1626 3695 iussimus
1647 3613 1846 3697 roborari.
1898 3613 2091 3695 Datum
2078 3642 2123 3695 m
2146 3609 2348 3697 Cracovia.
2443 3663 2446 3668 ·

469 3829 473 3836 ,
612 3737 617 3746 ’
666 3721 805 3813 'Anno
827 3731 999 3814 Domini
1019 3729 1075 3812 M.
1086 3715 1185 3815 OO.
1195 3730 1477 3840 nonagesimo
1495 3732 1697 3834 secundo,
1713 3760 1790 3841 per
1810 3758 1961 3814 manus
1981 3729 2157 3814 Henrici
2176 3730 2350 3841 protho-

682 3849 833 3956 notarij
857 3846 1153 3932 Oracoviensis
1177 3856 1220 3929 et
1241 3845 1608 3954 Sandomiriensis‚
1627 3845 1785 3963 Quen(
1785 3847 1825 3958 i)
1861 3849 2093 3960 wlgariter
2094 3849 2351 3960 nuncupati·
2481 3843 2487 3850 ’

682 3973 802 4048 sexto
824 3965 1221 4075 ydusNove'mbris.
