5409 6309
1341 767 1615 841 -214-

641 980 761 1093 legia
781 972 965 1062 ostendit
986 992 1111 1074 super
1133 946 1267 1049 Zdboo
1284 962 1339 1076 (¹)
1364 973 1408 1046 et
1429 964 1690 1048 Toamowea
1709 960 2012 1070 parva,'Villas
2034 977 2314 1061 communiter

643 1102 799 1194 dictas,
823 1093 941 1198 ‘quas
963 1114 1019 1167 ex
1039 1084 1289 1166 donacione‘
1306 1068 1504 1191 largiflua
1532 1081 1814 1190 prenominati
1845 1079 1980 1192 Regis
2011 1084 2152 1170 Patris
2180 1098 2311 1178 nostri

644 1208 881 1301 Reverendi
911 1205 1101 1314 legitime
1125 1228 1177 1282 ac
1213 1199 1479 1280 luculenoius
1514 1199 1650 1281 extitit
1680 1208 1954 1302 consecutus,
1975 1204 2246 1312 ita'plenafie
2268 1220 2313 1292 et

644 1361 696 1414 ex
716 1316 827 1426 toto,
848 1331 976 1434 prout
998 1322 1147 1410 eedem
1167 1318 1209 1397 in
1231 1320 1319 1397 suis
1341 1315 1528 1397 terminis
1552 1314 2126 1427 circumferenciis,·Jnribus
2150 1335 2192 1404 et
2211 1323 2313 1410 Pei·

641 1442 836 1548 tin'en'eijs
869 1438 1133 1546 quibuslibet
1165 1433 1460 1541 spectantibus
1482 1432 1537 1513 ad
1560 1432 1733 1517 easdem
1763 1431 1933 1515 fuerunt
1961 1439 2224 1546 temporibus
2244 1444 2312 1528 eb

643 1559 831 1670 antiquis
863 1581 951 1662 que
971 1556 1146 1661 inquam
1169 1552 1310 1633 omnia
1338 1550 1594 1657 ‘supradicta
1628 1560 1799 1658 patrata
1820 1549 1956 1653 fuere,
1993 1557 2186 1641 ordinata
2207 1564 2313 1667 ,sive
2432 1592 2439 1602 ·
2545 1574 2548 1581 ’

613 1710 617 1713 ’
642 1685 789 1793 gesta,
822 1673 1014 1783 quamin
1037 1669 1440 1771 commutationibus
1474 1678 1518 1748 et
1549 1668 1859 1776 empcionibus,
1876 1676 1980 1767 'tem
2001 1671 2044 1751 in
2066 1674 2313 1761 donacioni-

641 1800 724 1883 bus
748 1792 799 1873 de
820 1791 1042 1873 voluntate
1080 1787 1288 1898 graunta,
1325 1784 1483 1888 favore,
1519 1794 1645 1892 prout
1677 1795 1719 1868 et
1739 1792 1919 1869 assensu
1935 1788 2142 1870 ¹eiusdem
2177 1792 2311 1905 Regis

513 1920 516 1927 ’
642 1911 777 2000 nostri
788 1908 935 1997 ¹Patris
957 1904 1198 2016 predileeti,
1221 1931 1273 1984 ac
1295 1904 1424 1985 etiam
1456 1903 1613 1984 elarius
1644 1903 1913 2004 confirmata,
1950 1906 2310 2011 quemadmodum

643 2035 688 2115 in
707 2023 944 2133 Privil'egijs
979 2022 1128 2132 ipsius
1148 2020 1387 2129 prelibatis,
1423 2018 1545 2106 nobis
1567 2047 1644 2126 per
1666 2019 1826 2105 dietum
1863 2021 2156 2106 Castellanum
2196 2030 2313 2111 exhi·

642 2146 743 2234 bitis
779 2151 827 2223 ut
861 2140 1069 2248 prefertur
1109 2137 1482 2241 luculentissime,
1502 2166 1555 2217 ac
1591 2154 1790 2245 expresse
1831 2140 2083 2245 continetur,
2116 2142 2314 2252 Oumqne

645 2266 760 2349 dicta
779 2257 1009 2368 Privilegia
1028 2284 1104 2365 per
1125 2255 1488 2361 examinacionem
1518 2253 1821 2357 sufficientem,
1851 2255 1941 2339 fore
1963 2262 2314 2367 cognovissemus
2354 2288 2359 2297 ’

642 2364 783 2478 firma,
804 2373 1017 2476 valencia,
1040 2374 1243 2455 decencia
1265 2382 1398 2478 atque
1419 2372 1551 2473 iusta,
1583 2374 1735 2454 eadem
1765 2382 1858 2455 rata
1874 2466 1876 2469 ¹
1890 2380 2015 2481 grata
2046 2377 2216 2483 penitus
2237 2380 2335 2462 ha-‘

579 2556 584 2561 -
641 2499 793 2579 bentes
815 2500 858 2571 et
877 2490 1020 2589 firma,
1040 2489 1098 2571 ‘ob
1119 2489 1262 2569 fidelia
1299 2491 1477 2569 servicia
1500 2498 1543 2567 et
1562 2489 1683 2569 utilia
1714 2516 1790 2595 per
1823 2484 1982 2572 dictum
2017 2490 2312 2581 castellanum

646 2616 901 2707 constanter,
922 2604 1104 2687 fideliter
1126 2628 1177 2684 ac
1198 2602 1356 2686 utiliter
1378 2603 1566 2705 crebrius
1598 2603 1788 2694 exhibita
1816 2605 2080 2719 Dulcissimo
2102 2608 2217 2698 Patri
2237 2612 2315 2703 no'·

645 2737 733 2813 stro
769 2723 992 2832 premisso-
1011 2730 1148 2828 atque
1182 2719 1326 2822 nobis,
1348 2747 1401 2800 ac
1422 2724 1466 2802 in
1488 2729 1704 2830 posterum
1736 2721 2010 2829 opitulamine
2046 2728 2314 2833 inpendenda

648 2862 746 2928 cum
768 2840 931 2940 divino,
950 2847 999 2919 ut
1019 2837 1170 2921 merita
1190 2836 1482 2921 vicissitudine
1503 2839 1749 2922 meritorum
1769 2866 1816 2920 se
1841 2841 2062 2949 gaudeant
2082 2853 2311 2953 repensari,

644 2959 849 3074 quodque
871 2955 999 3049 ceteri
1021 2955 1172 3037 eodem
1193 2952 1387 3062 exemplo
1411 2956 1467 3040 ad
1487 2955 1637 3039 similia
1674 2960 1919 3060 excitentur,
1941 2960 2131 3043 eiusdem
2152 2967 2314 3074 suppli-

611 3072 892 3169 «,ca'cionibus
923 3068 1165 3183 benigniter
1182 3072 1412 3175 ⁴*a(·,elinati,
1450 3072 1600 3180 sepius
1630 3073 1745 3159 dicta
1778 3072 2014 3190 Privilegia·
2041 3078 2311 3187 Innovamus,

646 3190 931 3293 ratificamus,
963 3187 1291 3299 comprobamus
1314 3184 1358 3307 et
1375 3190 1562 3299 presenti
1592 3198 1735 3295 nostre
1767 3190 2002 3276 Maiestatis
2026 3193 2162 3306 Regia
2183 3198 2317 3295 Privi-

647 3311 786 3423 legio,
819 3317 1027 3418 perpetuo
1064 3307 1266 3408 valim'ra,
1302 3335 1470 3392 necnon
1506 3307 1710 3391 duratura
1746 3310 1981 3418 graciosius
2004 3304 2318 3421 confirmamus,

633 3436 738 3511 'una
760 3455 858 3507 cum
882 3425 1067 3507 Ciuitate
1091 3450 1142 3504 ao
1162 3410 1285 3507 villlis
1318 3425 1513 3509 omnibus
1542 3425 1847 3529 prenominatis
1878 3428 1964 3508 iam
1996 3431 2110 3514 dicto
2148 3431 2318 3519 (lastel-
2420 3460 2428 3469 ‘

651 3542 770 3647 lano,
805 3545 1027 3650 ipsiusque
1060 3540 1207 3623 liberis
1230 3570 1281 3623 ae
1303 3541 1581 3627 succedaneis
1617 3543 1825 3627 universis
1861 3542 1968 3646 ¹dure
1999 3547 2254 3656 hereditario
2274 3551 2318 3632 in
2344 3576 2348 3581 ’

651 3673 905 3770 perpetuum
925 3657 1184 3766 possidenda
1204 3658 1489 3764 ethabenda,
1510 3661 1572 3740 ita
1591 3661 1865 3770 integraliter,
1886 3689 1938 3745 ex
1958 3671 2051 3748 toto
2074 3673 2206 3771 atque
2224 3668 2319 3775 ple-

605 3806 610 3813 ·
648 3804 725 3877 ne,
746 3766 1126 3881 quemadmodum
1156 3777 1309 3879 eedem
1345 3776 1603 3860 hereditates
1631 3779 1684 3863 in,
1696 3780 1784 3859 suis
1819 3781 2005 3863 terminis
2043 3781 2317 3893 gadibusque

651 3889 1007 4001 circumferencijs
1029 3892 1270 3987 etduribus
1292 3888 1558 4004 quibuslibet
1576 3893 1754 3979 fuerunt·
1769 3895 2030 4004 temporibus
2045 3897 2102 3980 ab
2119 3900 2320 4012 antiquis,

651 4013 943 4114 retroactiset
963 4012 1182 4118 primeris,
1199 4039 1250 4094 ac
1267 4012 1398 4099 etiam
1420 4013 1706 4097 convertenda
1726 4039 1803 4094 seu
1824 4014 2058 4119 alienanda,
2080 4018 2318 4100 secundum

650 4126 769 4238 quod
786 4127 973 4237 ipsorum
995 4125 1263 4239 beneplacito
1280 4127 1525 4215 Voluntatis
1546 4129 1773 4213 melius'ae
1791 4131 1937 4214 utilius
1958 4132 2170 4215 videbitur
2190 4162 2319 4245 expe·
2461 4215 2466 4234 ,

586 4331 597 4359 ,
652 4239 753 4327 dire.
802 4243 1016 4329 'Preterea
1045 4247 1319 4353 innovamus,
1352 4247 1502 4330 damus
1535 4275 1587 4330 ao
1620 4248 1748 4349 etiam
1777 4247 2075 4347 confirmamus
2098 4249 2150 4331 de
2172 4254 2320 4363 gracia

594 4430 598 4439 ,
652 4370 799 4445 nostra
818 4363 996 4470 speciali
1017 4362 1100 4447 Jus
1123 4363 1476 4450 Thewthonioum
1518 4361 1824 4448 hereditatibus
1846 4365 2044 4449 omnibus
2063 4369 2321 4473 memoratis,

699 4734 725 4765 „
756 4688 802 4769 ο)
825 4660 1118 4775 Zemmeana
1134 4681 1240 4761 naa
1254 4678 1445 4762 nnana
1459 4705 1493 4762 a
1507 4697 1541 4763 in
1560 4660 1675 4780 essem
1689 4696 1767 4763 vna
1782 4684 2272 4783 aeargentatae
2286 4702 2323 4766 a

649 4770 1004 4923 lgrffifflpngqrnipqq:
1015 4776 1289 4864 „Konekrypcye
1300 4779 1431 4862 miaetss’
1446 4788 1512 4846 etc.
1525 4781 1561 4846 in
1575 4783 1714 4869 regione
1730 4781 1921 4864 Pilzniensi,
1936 4802 2021 4865 quae
2035 4781 2185 4883 hodiem
2200 4783 2321 4895 Regno
