5409 6309
1041 881 1191 954 -35
1244 917 1289 936 ..-

337 1084 436 1172 dum
456 1084 605 1168 merita
639 1081 772 1192 ipsius
807 1082 1065 1190 respondere
1101 1077 1349 1182 debeamus,
1390 1078 1554 1166 illorum
1590 1085 1842 1190 propensius
1875 1085 2004 1170 fidele
2035 1135 2039 1140 -
2075 1185 2079 1192 Ι

336 1199 550 1288 servitium
570 1211 763 1284 tenemur
783 1227 975 1306 pensare,
996 1201 1071 1308 qui
1091 1196 1353 1305 professione
1386 1205 1563 1290 sanctae
1597 1199 1813 1310 religionis
1835 1205 2004 1296 nostris

333 1318 574 1428 ministeriis
595 1317 753 1398 arctius
774 1318 1014 1400 studuerint
1032 1317 1250 1419 inservire3
1271 1313 1449 1424 proinde
1485 1317 1653 1402 noverit
1672 1327 1762 1402 tam
1795 1346 2003 1426 praesens

335 1446 457 1520 aetas
481 1462 610 1545 quam
629 1443 813 1542 postera,
831 1435 949 1545 quod
969 1434 1060 1518 Nos
1080 1432 1301 1518 Boleslsus
1321 1432 1407 1518 Dei
1425 1433 1568 1543 gratia
1586 1433 1873 1520 Duxillustris
1895 1435 2003 1522 Ora-

335 1555 485 1644 coviae
508 1563 551 1635 et
570 1551 876 1652 Sandomirias,
896 1580 983 1634 una
1003 1579 1101 1634 cum
1124 1551 1277 1634 dilecta
1295 1559 1432 1636 matre
1455 1559 1601 1634 nostra
1631 1551 1817 1638 Domina
1849 1552 2003 1644 Gumi-

323 1674 477 1772 slawa,
501 1698 552 1752 nc
577 1672 703 1752 etiem
726 1670 945 1752 carissima
981 1677 1125 1754 nostra
1167 1669 1352 1777 conjuge
1388 1669 1575 1753 Domina
1612 1668 1882 1780 Ounegunde
1917 1673 2004 1758 filia

269 1821 276 1830 ’
335 1788 630 1899 superillustris
653 1786 787 1897 Regis
808 1787 1078 1896 Hungarum,
1116 1787 1288 1870 ducissa
1322 1794 1545 1891 tenentum
1579 1786 2006 1890 eorundemnostro·

257 2004 261 2016 ¹
334 1936 428 1992 rum
448 1905 772 2016 progenitorum
789 1905 982 2015 vestigiis
1002 1904 1099 2011 pias
1127 1904 1364 1988 devotionis
1400 1901 1767 1990 effectuosissimen
1782 1906 2005 1994 inhaeren-
2156 1891 2161 1900 ⁵

334 2039 413 2129 tes,
434 2023 560 2108 libuit
579 2022 701 2107 nobis
723 2048 851 2131 super
871 2019 1110 2107 Ecclesiam
1133 2031 1176 2108 et
1196 2022 1450 2110 coenobium
1474 2021 1662 2108 Sanctae
1681 2019 1841 2108 Mariae
1873 2026 1916 2108 in
1941 2021 2004 2110 cr·-

336 2143 396 2224 rr'c
418 2140 646 2251 specialem
666 2139 828 2248 habers
862 2142 1145 2224 devotionem.
1193 2139 1408 2226 Volumus·
1434 2142 1584 2252 itaque
1619 2149 1665 2224 et
1695 2143 1889 2249 cupimus
1925 2171 2004 2252 pro

333 2261 580 2344 remissione
600 2267 840 2354 nostrorum
861 2260 1047 2344 omnium
1077 2268 1366 2368 peccatorum,
1399 2269 1443 2342 et
1473 2258 1804 2368 prosnimabus
1834 2269 2004 2346 nostro·
2088 2323 2098 2330 -

334 2407 428 2464 rum
448 2389 686 2486 parentum,
707 2387 756 2461 ut
773 2378 858 2481 hoc
879 2376 1181 2489 monasterium
1201 2374 1466 2484 temporibus
1486 2379 1642 2464 nostris
1675 2378 1865 2486 poliatur
1892 2377 2005 2462 felici

336 2519 387 2578 ac
406 2504 613 2606 perpetuo
633 2495 905 2599 incremento3
937 2494 1040 2580 Ideo
1062 2495 1279 2582 dominum
1299 2494 1567 2580 Tessalinum
1586 2493 1805 2580 Abbatem
1825 2497 1880 2580 de
1897 2494 2005 2582 Ciric
2079 2577 2085 2586 ,
2110 2563 2114 2574 ,

336 2623 379 2702 et
413 2640 560 2698 omnes
596 2611 687 2719 ejus
723 2639 993 2700 successores
1031 2621 1076 2694 et
1104 2615 1237 2720 ipsius
1282 2611 1521 2698 Ecclesiam
1550 2615 1593 2695 in
1613 2613 1818 2698 honorem
1838 2608 2003 2702 Beatae

334 2731 494 2818 Mariae
515 2729 702 2841 Virginis
724 2741 1026 2835 constructam,
1062 2731 1105 2812 in
1137 2741 1327 2818 nostram
1358 2740 1405 2814 et
1432 2740 1672 2818 nostrorum
1708 2757 2005 2816 successorum
2063 2733 2080 2766 '¹
2137 2789 2142 2800 ·

332 2850 576 2986 perenniter
603 2851 912 2957 protectionem
945 2848 1178 2955 recipimus
1214 2849 1458 2957 specielsm3
1491 2849 1612 2932 villas
1632 2857 1724 2934 tum
1743 2875 1800 2934 ac
1823 2850 2002 2954 praedia

299 3057 302 3063 ,
332 2968 519 3102 ipsorum
540 2969 585 3050 in
605 2977 750 3050 nostro
773 2966 1010 3076 ducatui
964 2975 1010 3048 et
1030 2989 1105 3049 eos
1125 2967 1199 3074 qui
1217 2965 1263 3050 in
1286 2966 1446 3052 eisdem
1476 2964 1746 3065 habitabunt,
1777 2965 1868 3044 sive
1897 2964 2004 3048 libe

333 3086 379 3190 ri,
402 3084 493 3168 sive
513 3084 637 3182 servi,
654 3083 746 3166 sive
766 3082 1038 3189 adscripticii,
1069 3081 1125 3166 ab
1148 3084 1261 3166 omni
1281 3081 1518 3168 liberamus
1541 3080 1777 3181 exactione
1808 3090 2003 3187 praesta-

208 3247 212 3254 ·
332 3204 460 3303 tione,
481 3198 679 3300 lectione,
699 3197 845 3320 labore
865 3208 911 3282 et
930 3199 1150 3301 servitute,
1170 3226 1284 3310 quae
1304 3199 1573 3311 singulariter
1603 3200 1658 3282 de
1677 3197 1810 3290 verbo
1830 3197 1889 3284 ad
1908 3226 2005 3288 ver·

333 3319 450 3404 bum
458 3318 652 3402 volumus
675 3313 883 3400 enarrare:
883 3305 1060 3416 Peraea,
1082 3315 1233 3417 δινσιε
1254 3316 1469 3420 Possum,
1488 3317 1674 3432 lenone,
1710 3314 1864 3415 Siroia,
1898 3318 2003 3402 Tar

270 3507 274 3516 ,
333 3461 458 3560 perce,
494 3433 678 3543 Pomocy,
719 3434 1023 3575 odproeoczcwe
1055 3433 1185 3536 statie,
1217 3433 1474 3524 Podwodom
1486 3462 1555 3520 ao
1574 3417 1802 3520 inilitslam
1836 3456 2000 3544 rome,

335 3547 436 3653 etei,
456 3554 599 3689 roojna
619 3550 735 3662 pro'd,
757 3582 784 3635 a
795 3555 933 3640 variis
956 3563 1001 3635 et
1021 3552 1267 3659 omnibus3
1253 3561 1298 3636 et
1316 3555 1353 3638 si
1371 3553 1597 3638 stationem
1615 3578 1696 3638 nos
1716 3546 1877 3638 habere
1899 3577 2002 3636 oon

334 3671 485 3782 tingat,
507 3672 550 3752 in
568 3670 708 3752 villis
696 3698 897 3790 rpsorum,
919 3698 945 3753 a
965 3670 1149 3754 statione
1170 3681 1422 3758 venatorum
1442 3679 1487 3768 et
1504 3695 1738 3777 aucupum²
1769 3697 1796 3755 a
1815 3669 2003 3758 statrona

334 3788 579 3899 panificum,
600 3783 833 3874 notatione
852 3798 1093 3876 nostrorum
1114 3815 1334 3927 equorum,
1366 3819 1394 3873 s
1414 3790 1597 3876 statione
1627 3786 1912 3888 brentorum,
1944 3784 2001 3873 ab

337 3910 450 3996 omni
464 3908 600 4018 poqor'r
622 3914 667 3988 et
685 3898 970 4017 expeditione3
994 3916 1176 4016 excepto
1197 3908 1234 3989 si
1253 3934 1417 4016 pagam
1404 3906 1501 3992 vel
1520 3905 1591 3989 alii
1609 3904 1839 3990 homines
1827 3931 1872 3990 ιιι
1888 3913 2003 3989 terra
2024 3993 2027 4006 ,

212 4063 219 4072 »
336 4034 492 4123 noema,
514 4024 704 4109 volentes
727 4024 1299 4131 eamdestrue103stteterint
1342 4023 1662 4112 Absolvimus
1648 4049 1822 4134 insuper
1852 4049 2001 4112 eorum

334 4141 526 4228 homines
546 4141 726 4230 ubilibet
744 4144 998 4230 constitutos
1031 4141 1094 4226 ab
1109 4142 1407 4230 aedificatione
1438 4153 1484 4226 et
1509 4141 1807 4232 reformatione
1838 4148 2001 4226 castro·

215 4273 223 4290 '
335 4286 441 4361 rum,
459 4269 631 4368 praeter
651 4261 787 4348 solum
808 4260 1007 4346 Castrum
1040 4259 1340 4346 Oraeoviense.
1389 4262 1532 4350 Etiam
1564 4259 1824 4350 absolvimus
1847 4283 1920 4342 eos
1942 4260 2000 4349 eb
2052 4279 2055 4284 ’

336 4378 450 4462 carni
469 4376 665 4464 theloneo
686 4380 819 4470 nostri
851 4380 1032 4462 duoanrs
1061 4380 1226 4472 illarum
1256 4380 1553 4469 tanmmmodo
1584 4405 1739 4481 rerum,
1775 4401 1894 4488 quae
1922 4403 1999 4483 pro

138 4467 144 4488 ⁸
232 4601 237 4614 .
288 4597 291 4602 .
334 4496 428 4603 ipso
448 4497 716 4602 monasterio,
737 4499 906 4584 nomine
927 4498 1116 4606 ipsorum
1136 4498 1193 4579 ad
1214 4523 1517 4635 quamcunque
1537 4498 1678 4584 villam
1699 4521 1845 4584 sorum
1865 4494 2001 4578 dedu.

335 4622 500 4700 cuntur.
549 4612 854 4700 Absolvimus
843 4641 1016 4723 insuper
1034 4613 1258 4700 homines
1247 4639 1435 4724 ipsorum
1460 4615 1617 4706 liberos
1648 4624 1693 4700 at
1719 4638 1868 4702 servos
1886 4641 1916 4700 a
1929 4614 2001 4724 ju·

252 4763 258 4769 ·
337 4731 453 4816 dicio
468 4731 806 4822 Castellanorum
826 4744 870 4816 et
886 4732 1074 4818 omnium
1088 4731 1286 4840 judicum
1304 4731 1548 4822 forensium.
1580 4729 1756 4828 Etlioet
1774 4717 2001 4818 haerente

337 4876 470 4936 annos
491 4853 683 4966 quinque
702 4850 789 4938 late
811 4862 855 4936 et
872 4849 1002 4963 longe
1022 4849 1288 4957 contulimus,
1307 4861 1454 4938 tarnen
1474 4852 1532 4938 ob
1550 4852 1846 4938 certitudinem
1865 4851 2001 4958 maio

213 5027 218 5030 -
335 4997 425 5056 ram
445 4967 555 5056 haec
573 4971 821 5082 repetendo,
841 4969 1003 5079 majore
1023 4971 1251 5060 addimus
1239 4999 1285 5058 ιιι
1301 4970 1390 5058 lide
1408 4968 1627 5058 firmiores.
1669 4969 1856 5058 Domum
1874 4994 2001 5076 prae·
2144 4979 2148 4988 '

386 5101 469 5142 ‘lom
482 5102 524 5143 111.
1047 5165 1054 5178 .
1877 5101 1899 5164 9
