5409 6309
1335 795 1612 871 ...100⁶-

643 1012 753 1095 ciam
774 1006 978 1122 querendi
997 979 1213 1102 minuam,
1237 1006 1281 1081 et
1299 996 1470 1080 metalla
1489 996 1532 1077 in
1554 994 1766 1080 montanis
1787 993 1962 1076 inventa
1981 992 2141 1096 colere,
2163 1004 2209 1079 et
2220 1000 2320 1083 suis.

641 1128 789 1210 usibus
826 1117 1067 1231 applicaiidj
1099 1115 1217 1201 salvo
1252 1125 1398 1201 nostro
1428 1114 1525 1223 jure
1562 1112 1754 1195 dedimus
1776 1119 2047 1219 potestatem.
2100 1109 2162 1196 Ut
2178 1115 2309 1225 igitur

643 1244 766 1328 huius
789 1272 815 1324 a
832 1237 958 1342 nobis
979 1260 1194 1321 concessa
1207 1233 1381 1317 libertas
1403 1228 1500 1345 (sic)
1523 1232 1656 1313 series
1680 1239 1723 1311 et
1741 1229 1870 1313 robur
1891 1224 2084 1312 obtineat
2102 1243 2307 1341 perpetue

641 1359 868 1461 firmitatis,
904 1381 985 1436 nec
1006 1380 1083 1463 per
1104 1352 1348 1464 quempiam
1362 1368 1572 1461 processu
1591 1349 1792 1457 temporis
1812 1348 2033 1431 retractari
2052 1349 2211 1454 valeat,
2224 1360 2309 1448 *aut
2386 1361 2392 1372 ‘

639 1477 800 1563 irritum
839 1469 1162 1586 quomodolibet
1197 1469 1366 1578 enitaij,
1400 1475 1621 1577 presentes
1656 1465 1944 1550 concessimus
1979 1467 2121 1550 literas
2153 1467 2312 1578 duplici

640 1596 773 1679 nostri
792 1590 919 1703 sigilli
937 1589 1166 1671 munimine
1196 1589 1431 1672 roboratas.
1493 1583 1654 1667 Datum
1674 1610 1752 1693 per
1771 1610 1924 1666 manus
1951 1581 2148 1700 Magistri
2168 1582 2311 1668 Bene-

642 1714 744 1796 dicti
780 1708 997 1794 Ordiensis
1034 1705 1226 1789 Ecclesia
1261 1704 1484 1814 prepositi,
1505 1701 1615 1785 Aule
1634 1711 1778 1785 nostre
1801 1697 2144 1816 Vicecancellnrij
2168 1703 2310 1786 dilecti
2404 1777 2408 1785 .

612 1923 616 1932 ,
643 1840 692 1913 et·
706 1829 843 1912 fidelis
865 1824 1009 1908 nostri.
1069 1820 1194 1906 Anno
1232 1823 1390 1906 domini
1426 1818 1658 1903 Millosimo.
1682 1818 1733 1904 Ο.
1756 1817 1807 1903 0.
1827 1821 2145 1930 septuagesimo
2173 1822 2308 1930 primo

643 1947 753 2032 Octo
770 1942 869 2059 (sic)
888 1941 1093 2025 kalendas
1116 1937 1411 2049 Septembres,
1441 1939 1652 2023 indicione
1684 1947 1841 2049 quarta
1861 1938 2047 2041 decima,
2067 1936 2209 2050 Regni
2229 1931 2308 2023 au·

542 2105 547 2118 «
607 2059 730 2148 'tem
751 2061 884 2147 nostri
904 2082 1015 2144 anno
1034 2056 1309 2172 secundofb.
2149 2071 2152 2082 ·
2401 2099 2406 2105 -

652 2375 657 2387 ,
745 2321 789 2402 (⁸)
811 2319 886 2385 Hoc
908 2314 1126 2402 privilegium¹
1140 2314 1349 2380 confirmavit
1364 2314 1542 2400 capitulum
1558 2313 1720 2392 ecclesiae
1743 2314 1977 2400 Scepusiensis
1990 2315 2110 2400 primo,
2123 2314 2237 2382 seculo
2252 2293 2310 2383 de·

483 2407 487 2414 ’
540 2383 546 2392 ¹
641 2409 727 2474 ciino
743 2411 861 2488 quarto
877 2403 999 2480 (1321),
1016 2399 1176 2475 seeundo,
1189 2399 1318 2465 decimo
1334 2401 1450 2482 quinto
1462 2399 1588 2480 (isto),
1603 2398 1789 2465 talimodo:

655 2496 659 2505 '
748 2483 954 2554 reru-Nos
969 2482 1149 2569 capitulum
1162 2481 1314 2548 Ecclesie
1329 2483 1421 2549 beati
1435 2484 1571 2551 Martini
1585 2484 1626 2550 de
1643 2483 1771 2572 scepei,
1786 2483 1943 2548 memorie
1960 2482 2240 2567 commendantes,
2260 2495 2310 2550 tc·

645 2597 727 2640 nore
747 2570 956 2659 presencium
971 2568 1214 2654 Significamus,
1227 2567 1346 2650 quibus
1363 2568 1498 2654 expedit
1511 2568 1686 2647 universis,
1700 2568 1799 2653 Quod
1807 2565 1974 2652 ⁴prouidus
1990 2570 2041 2633 vir
2054 2568 2210 2636 Nicolaus
2224 2569 2310 2636 filius

641 2657 813 2741 helbrandj
826 2653 935 2722 Judex
953 2653 993 2718 de
1011 2651 1178 2720 suburbio
1194 2651 1305 2719 Castri
1319 2653 1573 2738 Scepussiensis
1588 2653 1679 2736 (sic),
1691 2655 1734 2721 ad
1747 2662 1897 2718 nostram
1913 2653 2131 2738 personaliter
2145 2655 2311 2720 veniendo

641 2741 860 2830 presenciam,
873 2736 971 2803 nobis
986 2738 1021 2802 in
1036 2758 1097 2802 sua
1110 2757 1149 2801 ac
1165 2736 1268 2800 totius
1284 2735 1504 2803 Comunitatis
1521 2736 1650 2806 Civium
1666 2749 1699 2804 et
1713 2738 1882 2822 hospitum
1898 2760 2030 2806 suorum
2047 2737 2087 2802 de
2102 2737 2215 2804 eadem
2230 2762 2309 2823 per·
2414 2809 2419 2819 ¹

643 2829 736 2896 sonis
748 2822 896 2890 exhibuit
908 2842 990 2904 quas
1006 2821 1085 2919 (sic)
1098 2817 1212 2919 literas
1228 2830 1361 2886 nostras
1375 2821 1600 2921 priuilegiales
1614 2823 1743 2922 teneris
1757 2822 1975 2922 infrascripti,
1987 2831 2104 2921 petens
2119 2844 2181 2888 nos
2196 2820 2309 2922 bumilj

641 2931 778 2999 precum
805 2929 879 2973 cnm
901 2905 1117 2984 instantibus,
1133 2914 1181 2970 uti
1196 2905 1330 2970 eosdem
1346 2908 1426 2987 (sio)
1441 2906 1570 2971 demum
1585 2905 1645 2971 sub
1663 2906 1764 2993 sigilli
1778 2916 1885 2972 nostri
1898 2916 2088 2972 testimome
2102 2906 2244 2973 r'escrrbi
2257 2908 2309 2972 fa·

538 3014 543 3022 ·
643 3011 719 3066 cere
734 2995 946 3081 dignaremur
961 2990 1004 3056 ad
1018 2987 1189 3055 cautelam.
1212 2988 1360 3072 Quorum
1376 2992 1457 3071 (sic)
1470 2997 1568 3056 tenor
1582 2991 1732 3074 sequitur
1746 2991 1780 3056 in
1795 2991 1857 3057 hec
1871 2990 1985 3058 verba.
2062 3055 2068 3066 ,

495 3307 502 3314 Ο
626 3329 848 3400 'libertatibus
864 3328 1069 3408 confectum,
1083 3327 1119 3391 id
1132 3327 1306 3411 ipsumque
1315 3328 1372 3426 pri

747 3073 953 3144 1321.-N0s
969 3072 1155 3173 Capitulum
1171 3074 1265 3139 Beati
1280 3074 1417 3140 Martini
1432 3073 1473 3140 de
1489 3073 1616 3165 Scopae,
1641 3075 1873 3163 Significainus
1886 3075 2014 3159 ,quibus
2037 3073 2172 3160 expedit
2192 3085 2309 3142 tenore

641 3163 851 3250 presencium
876 3159 1052 3239 universis,
1072 3155 1172 3239 Quod
1187 3156 1228 3226 ad
1244 3168 1392 3224 nostram
1416 3158 1615 3224 accedentes
1641 3161 1849 3246 presencium
1869 3161 2027 3228 Saxones
2044 3158 2086 3225 de
2102 3159 2217 3226 eadem
2232 3183 2312 3246 pro·

640 3248 751 3314 vincia
764 3246 892 3333 Scepar,
908 3242 1127 3308 exhibuerunt
1155 3241 1482 3393 nobis-priuileuffum
1492 3285 1495 3290 ·
1504 3242 1678 3330 Stephani,
1701 3243 1842 3310 condam
1857 3245 1948 3332 regis
1963 3244 2110 3330 Ungarie
2126 3266 2245 3331 supere
2258 3246 2311 3312 ais

1439 3327 1530 3426 gium
1542 3339 1683 3415 propter
1698 3330 1824 3394 viarum
1839 3329 2031 3396 discrimina
2043 3329 2164 3396 iunctis
2210 3334 2307 3396 ormi

641 3417 788 3482 densim
802 3413 934 3476 fortune
950 3409 1094 3492 casibus,
1111 3408 1208 3474 nobis
1224 3431 1299 3474 cum
1313 3420 1478 3477 instancia
1491 3413 1728 3514 supplicarunt,
1740 3423 1777 3478 ut
1790 3413 1899 3497 ipsum
1915 3413 1974 3481 sub
1987 3414 2095 3479 nostri
2107 3413 2170 3502 εἰς·
2196 3436 2216 3477 o
2230 3414 2310 3497 (sic)

640 3495 832 3565 testimonio
848 3494 891 3559 ad
904 3492 1064 3561 cautelam
1093 3493 1234 3562 rescribi
1246 3495 1443 3566 faceremus.
1479 3495 1583 3583 euJus
1605 3497 1737 3582 quidem
1756 3497 1921 3585 priuile'gij
1937 3507 2035 3565 tenor
2049 3497 2125 3565 talis
2141 3507 2204 3565 est:
2229 3497 2310 3580 (Hoc
2357 3541 2363 3555 ·

632 3581 707 3652 ¹lero
721 3582 801 3648 illud
813 3577 1162 3669 nostum'prieilepium
1177 3577 1330 3677 Stephani
1343 3583 1453 3681 repis).
1818 3665 1819 3672 ἵ
1932 3619 1939 3630 ·

745 3664 815 3732 Nos
843 3665 954 3746 itaque
983 3662 1132 3747 ipsorum
1160 3661 1260 3727 licitis
1288 3665 1513 3749 peticionibus
1538 3675 1730 3749 annuentes,
1746 3663 1853 3752 ipsum
1869 3666 2082 3767 privilegium
2097 3665 2137 3733 de
2152 3665 2310 3733 verboad

641 3749 779 3816 verbum
792 3747 1005 3834 presentibus
1020 3746 1158 3810 fecimus
1173 3746 1273 3832 inserj
1291 3758 1324 3814 et
1338 3750 1491 3836 rescribj,
1507 3749 1749 3836 pendentisque
1764 3751 1872 3816 nostri
1888 3750 1998 3851 sigilli
2011 3751 2202 3817 testimonio
2217 3773 2308 3816 com·

640 3833 770 3932 inupiri.
807 3833 937 3980 Datum1
940 3829 1048 3980 {pidia
1063 3831 1159 3897 Beati
1172 3832 1346 3919 Benedictj
1362 3834 1515 3917 Abbatis,
1544 3835 1645 3901 Anno
1661 3834 1794 3900 domino
1812 3835 1989 3902 Millesimo
2004 3836 2240 3902 trecentesimo
2254 3836 2306 3901 vi·

633 3940 659 3983 ic
745 3938 765 3979 o
805 3937 887 3981 rimo
1018 3959 1026 3975 .

662 3938 814 4065 esrmNps
841 3919 944 4086 igitiir
970 3916 1066 4065 initis
1083 4008 1116 4064 et
1129 3996 1299 4098 legittimis
1325 4002 1436 4068 causis
1455 4000 1679 4089 peticionibus
1695 4002 1838 4089 predicti
1852 4003 1978 4091 Nicolaj
1994 4004 2124 4072 Judicis
2139 4002 2306 4069 fauorabi-

640 4084 717 4150 liter
732 4093 766 4149 et
781 4103 882 4150 causa
895 4084 1059 4149 communi
1073 4083 1202 4150 iusticie
1218 4085 1376 4169 inclinatj,
1402 4087 1571 4172 predictas
1597 4086 1711 4154 literas
1726 4097 1869 4175 nostras,
1891 4098 1979 4155 omni
2007 4110 2147 4175 prorsus
2169 4089 2257 4154 vicio
2271 4100 2308 4155 et

634 4169 831 4255 suspicione
861 4177 1029 4250 carentes,
1045 4168 1086 4234 de
1101 4168 1206 4234 verbo
1231 4170 1453 4253 adverbum,
1475 4173 1547 4238 sino
1569 4171 1791 4240 diminucione
1814 4183 1849 4240 ct
1869 4186 2065 4261 augmento,
2095 4165 2308 4260 presentilms

639 4253 741 4320 inseri
757 4252 895 4320 facimus
911 4261 945 4319 et
960 4252 1139 4332 conscribi,
1156 4256 1428 4341 appensioneque
1444 4256 1545 4344 sigilli
1559 4256 1665 4323 nostri
1684 4256 1800 4321 Eidem
1813 4256 1951 4324 Nicolao
1967 4269 2001 4324 et
2016 4261 2085 4325 suis
2102 4258 2230 4325 civibus
2247 4260 2306 4324 du-

638 4337 745 4404 ximus
761 4336 1013 4403 concedandum
1027 4337 1108 4421 (sic)
1123 4337 1165 4402 ad
1179 4337 1340 4404 cautelam
1367 4351 1583 4426 prenotatam.
1621 4342 1744 4406 Datum
1758 4343 1840 4407 feria
1854 4342 1960 4407 tercia
1972 4347 2125 4430 proxima
2139 4354 2219 4430 post
2234 4346 2308 4413 Do·

639 4420 790 4487 minicani
805 4422 1098 4509 Ramispalmarum
1113 4420 1212 4493 Anno
1230 4425 1365 4490 Domini
1379 4424 1556 4493 Millesinio
1572 4425 1873 4514 quadrigentesimo
1889 4429 2048 4502 vicesimo
2065 4430 2190 4510 (1420).
