5409 6309
1396 840 1666 914 -auu-

700 1073 802 1132 ‘rum
822 1056 866 1129 ct
884 1044 1149 1154 impleuuum
1169 1048 1303 1125 totum
1324 1042 1368 1125 id
1391 1029 1598 1154 quidquid
1617 1072 1695 1130 nos
1719 1053 1761 1127 et
1778 1045 1862 1128 iam
1884 1042 1985 1127 dicti
2006 1046 2137 1129 nostri
2164 1071 2352 1132 assesso·

709 1195 775 1251 res
796 1165 941 1250 arbitri
962 1161 1231 1270 arbitratores
1253 1173 1295 1245 et
1316 1161 1555 1246 amicabiles
1585 1165 1883 1273 compositores
1916 1163 2235 1249 diffiniuerimus
2254 1193 2354 1275 pro·

708 1283 1072 1368 nuncciauerimus
1094 1281 1423 1366 ordinauerimus
1447 1281 1855 1368 Sentenciauerimus
1879 1281 2070 1366 arbitrati
2088 1281 2287 1368 fuerimus
2309 1295 2355 1367 et

708 1403 1017 1488 laudauerimus
1038 1401 1081 1481 in
1101 1403 1326 1508 premissis,
1357 1429 1435 1484 nec
1464 1401 1518 1485 ab
1541 1402 1780 1487 huiusmodi
1815 1402 2082 1487 ordinacione
2110 1405 2355 1488 sentencia·

708 1525 828 1608 cione
847 1521 1098 1605 laudacione
1133 1518 1385 1603 diffinicioue
1418 1531 1461 1604 et
1490 1521 1769 1606 arbitracione
1789 1549 1990 1632 umquam
2010 1548 2275 1629 prouvocare
2308 1532 2355 1606 et

708 1642 919 1753 appellare
938 1639 1045 1724 velle
1065 1638 1133 1722 vel
1153 1638 1256 1720 alias
1279 1640 1555 1752 quouismcdo
1578 1641 1863 1725 contradicere
1878 1668 1955 1722 seu
1975 1644 2269 1724 contrauenire
2291 1642 2354 1724 di·
2482 1735 2485 1742 ἢ

706 1772 822 1847 recte
842 1759 911 1845 vel
932 1760 1133 1841 indirecte
1167 1759 1296 1841 tacite
1317 1758 1386 1842 vel
1406 1787 1605 1869 expresse
1634 1770 1710 1843 aut
1729 1760 1813 1844 vllo
1836 1760 1993 1843 adhoc
2016 1760 2183 1870 quesito
2215 1762 2357 1848 colore

707 1910 784 1965 seu
803 1879 973 1991 ingenio
995 1878 1074 1960 sub
1096 1879 1213 1985 penis
1249 1877 1399 1961 volatis
1430 1907 1504 1988 per
1533 1906 1609 1963 nos
1633 1891 1675 1962 et
1693 1878 1880 1991 prefatos
1916 1891 2081 1968 nostros
2107 1905 2353 1966 assessores

707 1998 885 2084 arbitros
908 1995 1176 2080 arbitratores
1198 2005 1241 2077 et
1262 1997 1504 2082 amicabiles
1525 2004 1826 2107 compositores
1859 1996 2154 2081 Tricentarum
2188 1997 2355 2084 Marca-

707 2149 801 2204 rum
821 2118 1000 2228 pecunie
1035 2116 1265 2199 communis
1288 2117 1330 2199 in
1350 2116 1503 2230 Regno
1523 2110 1695 2202 Polonie
1706 2118 1976 2220 decurrentis,
1995 2141 2172 2225 quarum
2193 2119 2352 2201 medie·
2467 2113 2471 2120 ’

706 2249 773 2324 tas
794 2238 915 2323 nobis
938 2245 983 2317 et
1001 2232 1174 2345 prefatis
1197 2236 1479 2320 assessoribus
1501 2239 1665 2341 nostris,
1687 2238 1816 2321 altera
1836 2264 1936 2321 vero
1957 2263 2057 2346 pars
2077 2235 2187 2346 parti
2206 2245 2354 2321 tenen·

706 2363 738 2442 ti
757 2387 833 2470 per
851 2365 1015 2468 partem
1036 2381 1120 2438 non
1139 2364 1352 2438 tenentem
1373 2356 1709 2440 irremissibiliter
1732 2355 1860 2440 debet
1879 2357 2059 2466 persolui
2081 2364 2123 2438 et
2143 2352 2223 2439 sub
2240 2385 2354 2466 pena

708 2474 1114 2562 excomunicacionis
1134 2484 1312 2584 protunc
1344 2503 1420 2584 per
1440 2503 1517 2560 nos
1538 2476 1589 2557 de
1611 2474 1726 2560 facto
1756 2477 1841 2560 late
1876 2478 2092 2558 sentencie
2121 2485 2166 2557 et
2190 2476 2354 2562 tociens

707 2595 908 2708 quociens
929 2594 1073 2700 aliqua
1094 2593 1299 2676 dictarum
1320 2597 1510 2703 parcium
1531 2622 1617 2689 uon
1636 2597 1816 2679 tenuerit
1829 2594 1897 2680 vel
1912 2603 2056 2678 tenere
2071 2596 2254 2679 renuerit
2268 2597 2354 2705 (re-

705 2712 926 2823 nitueritll,
947 2713 1204 2795 sentenciam
1224 2713 1464 2799 huiusmodi
1482 2712 1803 2825 infrascriptam.
1849 2714 1925 2798 Illa
1945 2723 2087 2797 tamen
2106 2739 2218 2823 pena
2238 2741 2355 2799 com·

705 2837 834 2918 missa
854 2834 922 2918 vel
941 2858 1026 2915 non
1047 2832 1282 2915 commissa.
1305 2834 1444 2916 soluta
1473 2832 1541 2917 vel
1567 2861 1652 2919 non
1680 2834 1818 2917 soluta
1853 2831 2143 2918 nichilominus
2171 2860 2353 2942 ,presens

706 2953 1051 3063 compromissum
1074 2977 1124 3032 ac
1146 2951 1285 3040 omnia
1306 2962 1349 3034 et
1368 2954 1534 3064 singula
1555 2954 1599 3034 in
1627 2980 1676 3037 eo
1698 2962 1896 3037 contenta
1917 2955 1960 3035 in
1980 2979 2058 3036 suo
2079 2963 2355 3062 permaneant

706 3082 749 3154 et
769 3068 1013 3183 permanere
1037 3068 1192 3153 debent
1210 3069 1362 3156 robore
1383 3082 1514 3184 atque
1534 3070 1744 3176 firmitate,
1776 3083 1907 3182 atque
1928 3072 2068 3157 omnia
2098 3073 2355 3180 suspraseria

704 3202 781 3302 pta
797 3189 960 3304 prefati,
984 3189 1221 3274 Stanislaus
1245 3190 1393 3273 Abbas
1415 3218 1491 3275 suo
1517 3201 1559 3272 et
1579 3194 1715 3277 tocius
1739 3194 1804 3275 sui
1836 3190 2083 3276 Ocnuentus
2101 3189 2354 3277 Tiniciensis

705 3309 761 3393 ab
781 3338 875 3415 vna,
896 3320 938 3393 et
959 3308 1233 3420 Margaretha
1252 3308 1485 3394 Abbatissa
1520 3312 1654 3396 eciam
1689 3337 1765 3394 suo
1798 3321 1841 3394 et
1859 3311 1995 3395 tocius
2018 3310 2083 3393 sui
2105 3308 2353 3395 Conuentus

704 3428 945 3540 Monasterij
957 3430 1009 3512 de
1018 3427 1262 3539 Stanycttlry
1274 3430 1512 3514 nominibus
1520 3432 1732 3540 predictis,
1748 3430 1939 3540 partibus
1950 3429 2004 3513 ab
2016 3427 2159 3532 altera,
2170 3456 2353 3540 sespon·
2381 3527 2403 3548 ,-

704 3555 749 3631 te
769 3560 812 3631 et
826 3551 953 3633 libere
970 3549 1265 3632 submiserunt.
1289 3545 1383 3647 Quo
1404 3550 1465 3632 sic
1487 3552 1785 3660 compromisso
1802 3547 2226 3660 factonosSbigneus
2247 3549 2352 3657 Epi·

705 3694 858 3777 scopus
878 3666 1068 3779 prefatus
1084 3694 1264 3751 vnacum
1277 3669 1531 3776 supradictis
1553 3668 1838 3754 assessoribus
1848 3671 2000 3753 nostris
2011 3667 2247 3777 etparcium
2256 3695 2352 3776 pre-

707 3785 912 3868 dictarum
934 3786 1098 3869 arbitris
1121 3786 1438 3869 arbitratoribus
1467 3797 1510 3869 et
1538 3788 1830 3872 amicabilibus·
1865 3784 2214 3897 compositoribus
2249 3787 2351 3902 visis

705 3906 980 3990 consideratis
1002 3914 1044 3987 et
1065 3905 1288 4016 diligenter
1309 3907 1555 3990 examinatis
1587 3907 1917 4016 circumstaneijs
1948 3909 2158 3992 uniuersis
2188 3907 2232 3989 in
2258 3934 2353 4016 pre·

704 4024 842 4106 missis
885 4034 928 4106 et
967 4051 1110 4110 eorum
1150 4024 1327 4137 singulis
1369 4024 1400 4109 J
1403 4023 1546 4108 nribus
1584 4026 1713 4109 literis
1754 4037 1797 4110 et
1834 4028 2154 4111 munimentisve
2191 4024 2352 4137 allega·

704 4144 896 4228 cionibus
937 4153 980 4225 et
1018 4144 1361 4254 responsionibus
1403 4173 1453 4229 ex
1482 4153 1661 4257 vtraque
1691 4154 1811 4255 parte
1837 4144 1963 4228 factis
2006 4155 2047 4229 et
2086 4146 2130 4227 in
2169 4144 2352 4228 medium

704 4263 920 4372 productis
961 4271 1005 4346 et
1035 4263 1185 4348 oblatis
1221 4266 1408 4348 volentes
1452 4265 1693 4349 huiusmodi
1734 4265 1878 4349 litibus
1914 4263 2216 4351 vexacionibus
2252 4291 2353 4348 con·

702 4383 916 4492 trouersijs
948 4394 990 4467 et
1029 4384 1322 4493 questionibus
1364 4385 1586 4470 occasione
1627 4385 1805 4495 predicti
1839 4387 2042 4499 prepositi
2081 4394 2123 4466 et
2162 4383 2352 4493 preposi-

703 4510 793 4584 ture
824 4530 876 4584 sc
905 4503 1118 4588 eleccione
1141 4504 1327 4587 eiusdem
1363 4514 1406 4586 et
1441 4503 1532 4614 alijs
1567 4506 1610 4585 in
1629 4506 1815 4613 presenti
1851 4505 2151 4610 compromisso
2178 4512 2352 4587 conten·

705 4619 759 4701 tis
782 4620 881 4704 dare
901 4622 1029 4705 finem
1051 4633 1094 4705 et
1113 4624 1219 4705 inter
1241 4623 1355 4733 ipsas
1378 4635 1518 4734 partes
1539 4651 1691 4733 pacem
1713 4633 1754 4706 et
1776 4623 2040 4708 amicabilem
2060 4621 2202 4707 facere
2238 4648 2352 4708 ccm—

704 4739 960 4848 posicionem
991 4746 1108 4824 iuxta
1137 4752 1393 4852 potestatem
1423 4753 1466 4826 et
1496 4743 1790 4827 auctoritatem
1823 4743 1943 4828 nobis
1967 4741 2229 4827 attributam.
2252 4766 2350 4850 par-

706 4857 816 4939 cium
853 4858 1138 4968 predictarum
1172 4862 1368 4971 precibus
1407 4862 1600 4945 acclinati
1635 4862 1819 4972 ipsorum
1857 4862 2095 4945 huiusmodi
2135 4856 2349 4943 arbitrium

707 4986 749 5059 et
768 4973 1030 5060 amicabilem
1066 4981 1419 5088 composicionem
1456 5009 1505 5064 ac
1538 4980 1710 5065 laudum
1746 4981 2141 5091 pronuncciauimus
2173 4988 2216 5063 et
2246 4975 2351 5063 Sen-
