<?xml version="1.0" encoding="UTF-8"?>
<!DOCTYPE html PUBLIC "-//W3C//DTD XHTML 1.0 Transitional//EN"
    "http://www.w3.org/TR/xhtml1/DTD/xhtml1-transitional.dtd">
<html xmlns="http://www.w3.org/1999/xhtml" xml:lang="en" lang="en">
 <head>
  <title>
</title>
<meta http-equiv="Content-Type" content="text/html;charset=utf-8" />
  <meta name='ocr-system' content='tesseract 3.04.00' />
  <meta name='ocr-capabilities' content='ocr_page ocr_carea ocr_par ocr_line ocrx_word'/>
</head>
<body>
  <div class='ocr_page' id='page_1' title='image "./codexdiplomatic00bobogoog_0174.png"; bbox 0 0 5409 6309; ppageno 0'>
   <div class='ocr_carea' id='block_1_1' title="bbox 1355 785 1647 864">
    <p class='ocr_par' dir='ltr' id='par_1_1' title="bbox 1355 785 1647 864">
     <span class='ocr_line' id='line_1_1' title="bbox 1355 785 1647 864; baseline 0.014 -4"><span class='ocrx_word' id='word_1_1' title='bbox 1355 813 1417 841; x_wconf 59' lang='lat'>,‚.,</span> <span class='ocrx_word' id='word_1_2' title='bbox 1474 785 1647 864; x_wconf 82' lang='lat' dir='ltr'>uu·-</span> 
     </span>
    </p>
   </div>
   <div class='ocr_carea' id='block_1_2' title="bbox 561 970 2528 1576">
    <p class='ocr_par' dir='ltr' id='par_1_2' title="bbox 672 970 2528 1215">
     <span class='ocr_line' id='line_1_2' title="bbox 672 970 2528 1095; baseline -0.009 -13"><span class='ocrx_word' id='word_1_3' title='bbox 672 970 793 1082; x_wconf 83' lang='lat' dir='ltr'>beriti</span> <span class='ocrx_word' id='word_1_4' title='bbox 826 994 1027 1082; x_wconf 85' lang='lat' dir='ltr'>memorie</span> <span class='ocrx_word' id='word_1_5' title='bbox 1060 989 1234 1072; x_wconf 85' lang='lat' dir='ltr'>ualeant</span> <span class='ocrx_word' id='word_1_6' title='bbox 1268 1009 1527 1091; x_wconf 77' lang='lat' dir='ltr'>succurrere,</span> <span class='ocrx_word' id='word_1_7' title='bbox 1565 977 1937 1069; x_wconf 63' lang='lat' dir='ltr'>estrumentum</span> <span class='ocrx_word' id='word_1_8' title='bbox 1977 985 2164 1095; x_wconf 77' lang='lat' dir='ltr'>priorum</span> <span class='ocrx_word' id='word_1_9' title='bbox 2204 985 2343 1072; x_wconf 68' lang='lat' dir='ltr'>iaetu</span> <span class='ocrx_word' id='word_1_10' title='bbox 2522 1059 2528 1066; x_wconf 88' lang='lat'><em>.</em></span> 
     </span>
     <span class='ocr_line' id='line_1_3' title="bbox 673 1103 2431 1215; baseline -0.007 -15"><span class='ocrx_word' id='word_1_11' title='bbox 673 1117 840 1215; x_wconf 79' lang='lat' dir='ltr'>utiliter,</span> <span class='ocrx_word' id='word_1_12' title='bbox 860 1111 1041 1192; x_wconf 83' lang='lat' dir='ltr'>fideliter</span> <span class='ocrx_word' id='word_1_13' title='bbox 1061 1108 1104 1188; x_wconf 91' lang='lat' dir='ltr'>in</span> <span class='ocrx_word' id='word_1_14' title='bbox 1123 1115 1319 1215; x_wconf 84' lang='lat' dir='ltr'>posteros</span> <span class='ocrx_word' id='word_1_15' title='bbox 1348 1105 1521 1188; x_wconf 86' lang='lat' dir='ltr'>ualeant</span> <span class='ocrx_word' id='word_1_16' title='bbox 1549 1117 1784 1209; x_wconf 70' lang='lat' dir='ltr'>reseruare.</span> <span class='ocrx_word' id='word_1_17' title='bbox 1835 1103 1997 1187; x_wconf 88' lang='lat' dir='ltr'>Notum</span> <span class='ocrx_word' id='word_1_18' title='bbox 2017 1104 2078 1186; x_wconf 71' lang='lat' dir='ltr'>sit?</span> <span class='ocrx_word' id='word_1_19' title='bbox 2090 1103 2221 1214; x_wconf 77' lang='lat' dir='ltr'>igitur</span> <span class='ocrx_word' id='word_1_20' title='bbox 2249 1108 2344 1189; x_wconf 81' lang='lat' dir='ltr'>vni·</span> <span class='ocrx_word' id='word_1_21' title='bbox 2426 1167 2431 1176; x_wconf 84' lang='lat'>.</span> 
     </span>
    </p>

    <p class='ocr_par' dir='ltr' id='par_1_3' title="bbox 561 1219 2344 1576">
     <span class='ocr_line' id='line_1_4' title="bbox 648 1219 2342 1336; baseline -0.005 -21"><span class='ocrx_word' id='word_1_22' title='bbox 648 1245 650 1250; x_wconf 52' lang='lat'><strong>⁴</strong></span> <span class='ocrx_word' id='word_1_23' title='bbox 671 1229 804 1333; x_wconf 85' lang='lat' dir='ltr'>uersis</span> <span class='ocrx_word' id='word_1_24' title='bbox 823 1238 869 1309; x_wconf 84' lang='lat' dir='ltr'>et</span> <span class='ocrx_word' id='word_1_25' title='bbox 888 1225 1068 1336; x_wconf 87' lang='lat' dir='ltr'>singulis</span> <span class='ocrx_word' id='word_1_26' title='bbox 1089 1232 1331 1332; x_wconf 71' lang='lat' dir='ltr'>presentem</span> <span class='ocrx_word' id='word_1_27' title='bbox 1349 1227 1556 1333; x_wconf 84' lang='lat' dir='ltr'>paginam</span> <span class='ocrx_word' id='word_1_28' title='bbox 1575 1223 1846 1330; x_wconf 79' lang='lat' dir='ltr'>inspecturis·</span> <span class='ocrx_word' id='word_1_29' title='bbox 1861 1219 1980 1332; x_wconf 89' lang='lat' dir='ltr'>quod</span> <span class='ocrx_word' id='word_1_30' title='bbox 2010 1247 2089 1306; x_wconf 86' lang='lat' dir='ltr'>nos</span> <span class='ocrx_word' id='word_1_31' title='bbox 2115 1219 2342 1333; x_wconf 55' lang='lat' dir='ltr'>nominoio</span> 
     </span>
     <span class='ocr_line' id='line_1_5' title="bbox 561 1333 2342 1457; baseline -0.004 -26"><span class='ocrx_word' id='word_1_32' title='bbox 561 1347 569 1362; x_wconf 84' lang='grc'><strong>’</strong></span> <span class='ocrx_word' id='word_1_33' title='bbox 608 1417 611 1422; x_wconf 86' lang='grc'>.</span> <span class='ocrx_word' id='word_1_34' title='bbox 672 1350 740 1431; x_wconf 88' lang='lat' dir='ltr'>dei</span> <span class='ocrx_word' id='word_1_35' title='bbox 762 1346 902 1457; x_wconf 79' lang='lat' dir='ltr'>grstia</span> <span class='ocrx_word' id='word_1_36' title='bbox 921 1345 1008 1425; x_wconf 84' lang='lat' dir='ltr'>dux</span> <span class='ocrx_word' id='word_1_37' title='bbox 1030 1334 1270 1450; x_wconf 87' lang='lat' dir='ltr'>Opoliensis</span> <span class='ocrx_word' id='word_1_38' title='bbox 1283 1339 1346 1453; x_wconf 76' lang='lat'>(⁹)</span> <span class='ocrx_word' id='word_1_39' title='bbox 1367 1341 1563 1425; x_wconf 88' lang='lat' dir='ltr'>dominus</span> <span class='ocrx_word' id='word_1_40' title='bbox 1581 1337 1634 1420; x_wconf 87' lang='lat' dir='ltr'>de</span> <span class='ocrx_word' id='word_1_41' title='bbox 1652 1338 1891 1422; x_wconf 74' lang='lat' dir='ltr'>Oeuoeucrin</span> <span class='ocrx_word' id='word_1_42' title='bbox 1912 1335 1968 1450; x_wconf 76' lang='lat'>(³)</span> <span class='ocrx_word' id='word_1_43' title='bbox 1988 1365 2066 1446; x_wconf 90' lang='lat' dir='ltr'>pro</span> <span class='ocrx_word' id='word_1_44' title='bbox 2087 1365 2166 1422; x_wconf 81' lang='lat' dir='ltr'>sex</span> <span class='ocrx_word' id='word_1_45' title='bbox 2183 1333 2342 1424; x_wconf 73' lang='lat' dir='ltr'>umus</span> 
     </span>
     <span class='ocr_line' id='line_1_6' title="bbox 672 1452 2344 1576; baseline -0.006 -28"><span class='ocrx_word' id='word_1_46' title='bbox 672 1464 784 1574; x_wconf 76' lang='lat' dir='ltr'>culte</span> <span class='ocrx_word' id='word_1_47' title='bbox 803 1474 911 1548; x_wconf 79' lang='lat' dir='ltr'>torre</span> <span class='ocrx_word' id='word_1_48' title='bbox 934 1486 1043 1576; x_wconf 88' lang='lat' dir='ltr'>quos</span> <span class='ocrx_word' id='word_1_49' title='bbox 1063 1457 1214 1542; x_wconf 73' lang='lat' dir='ltr'>fratum</span> <span class='ocrx_word' id='word_1_50' title='bbox 1236 1461 1290 1541; x_wconf 92' lang='lat' dir='ltr'>de</span> <span class='ocrx_word' id='word_1_51' title='bbox 1312 1452 1557 1571; x_wconf 69' lang='lat' dir='ltr'>Moyylu‘(⁴)</span> <span class='ocrx_word' id='word_1_52' title='bbox 1577 1457 1622 1536; x_wconf 90' lang='lat' dir='ltr'>iu</span> <span class='ocrx_word' id='word_1_53' title='bbox 1643 1455 1843 1565; x_wconf 80' lang='lat' dir='ltr'>Spttcouiz</span> <span class='ocrx_word' id='word_1_54' title='bbox 1873 1454 1930 1569; x_wconf 79' lang='lat'>(⁵)</span> <span class='ocrx_word' id='word_1_55' title='bbox 1961 1454 2168 1540; x_wconf 84' lang='lat' dir='ltr'>habuisse</span> <span class='ocrx_word' id='word_1_56' title='bbox 2191 1457 2344 1554; x_wconf 69' lang='lat' dir='ltr'>„duor-</span> 
     </span>
    </p>
   </div>
   <div class='ocr_carea' id='block_1_3' title="bbox 668 1731 2412 2580">
    <p class='ocr_par' dir='ltr' id='par_1_4' title="bbox 668 1731 2412 2580">
     <span class='ocr_line' id='line_1_7' title="bbox 672 1731 2341 1836; baseline -0.007 -20"><span class='ocrx_word' id='word_1_57' title='bbox 672 1749 808 1836; x_wconf 88' lang='lat' dir='ltr'>majoris</span> <span class='ocrx_word' id='word_1_58' title='bbox 823 1746 923 1831; x_wconf 90' lang='lat' dir='ltr'>pretii</span> <span class='ocrx_word' id='word_1_59' title='bbox 938 1745 1157 1822; x_wconf 82' lang='lat' dir='ltr'>documentis,</span> <span class='ocrx_word' id='word_1_60' title='bbox 1181 1764 1277 1826; x_wconf 86' lang='lat' dir='ltr'>quam</span> <span class='ocrx_word' id='word_1_61' title='bbox 1302 1731 1394 1807; x_wconf 82' lang='lat' dir='ltr'>illud&#39;</span> <span class='ocrx_word' id='word_1_62' title='bbox 1409 1749 1559 1807; x_wconf 89' lang='lat' dir='ltr'>nostrum</span> <span class='ocrx_word' id='word_1_63' title='bbox 1573 1739 1652 1822; x_wconf 84' lang='lat' dir='ltr'>anui</span> <span class='ocrx_word' id='word_1_64' title='bbox 1670 1742 1752 1806; x_wconf 77' lang='lat'>1284</span> <span class='ocrx_word' id='word_1_65' title='bbox 1767 1739 1976 1826; x_wconf 82' lang='lat' dir='ltr'>privilegium</span> <span class='ocrx_word' id='word_1_66' title='bbox 2003 1739 2055 1805; x_wconf 88' lang='lat' dir='ltr'>N⁰.</span> <span class='ocrx_word' id='word_1_67' title='bbox 2071 1737 2153 1830; x_wconf 79' lang='lat' dir='ltr'>Lxl</span> <span class='ocrx_word' id='word_1_68' title='bbox 2170 1735 2235 1804; x_wconf 88' lang='lat' dir='ltr'>huc</span> <span class='ocrx_word' id='word_1_69' title='bbox 2250 1739 2341 1824; x_wconf 80' lang='lat' dir='ltr'>typis</span> 
     </span>
     <span class='ocr_line' id='line_1_8' title="bbox 671 1817 2342 1909; baseline -0.007 -8"><span class='ocrx_word' id='word_1_70' title='bbox 671 1841 851 1901; x_wconf 85' lang='lat' dir='ltr'>exaratum:</span> <span class='ocrx_word' id='word_1_71' title='bbox 867 1827 1066 1896; x_wconf 89' lang='lat' dir='ltr'>Premislaus</span> <span class='ocrx_word' id='word_1_72' title='bbox 1081 1826 1111 1890; x_wconf 89' lang='lat' dir='ltr'>le</span> <span class='ocrx_word' id='word_1_73' title='bbox 1137 1828 1202 1891; x_wconf 89' lang='lat' dir='ltr'>itur</span> <span class='ocrx_word' id='word_1_74' title='bbox 1217 1828 1251 1891; x_wconf 91' lang='lat' dir='ltr'>in</span> <span class='ocrx_word' id='word_1_75' title='bbox 1267 1825 1384 1891; x_wconf 91' lang='lat' dir='ltr'>eodem</span> <span class='ocrx_word' id='word_1_76' title='bbox 1399 1825 1490 1906; x_wconf 81' lang='lat' dir='ltr'>„dux</span> <span class='ocrx_word' id='word_1_77' title='bbox 1506 1824 1711 1909; x_wconf 88' lang='lat' dir='ltr'>Opoliensis‚</span> <span class='ocrx_word' id='word_1_78' title='bbox 1725 1823 1878 1889; x_wconf 89' lang='lat' dir='ltr'>dominus</span> <span class='ocrx_word' id='word_1_79' title='bbox 1893 1825 1934 1890; x_wconf 87' lang='lat' dir='ltr'>de</span> <span class='ocrx_word' id='word_1_80' title='bbox 1950 1817 2185 1890; x_wconf 55' lang='lat' dir='ltr'>onerarunt</span> <span class='ocrx_word' id='word_1_81' title='bbox 2212 1827 2247 1887; x_wconf 80' lang='lat'>2⁰</span> <span class='ocrx_word' id='word_1_82' title='bbox 2259 1832 2295 1888; x_wconf 84' lang='lat' dir='ltr'>et</span> <span class='ocrx_word' id='word_1_83' title='bbox 2305 1823 2342 1890; x_wconf 63' lang='lat' dir='ltr'><em>D</em></span> 
     </span>
     <span class='ocr_line' id='line_1_9' title="bbox 671 1850 2342 1994; baseline -0.008 -9"><span class='ocrx_word' id='word_1_84' title='bbox 671 1915 819 1990; x_wconf 84' lang='lat' dir='ltr'>Privatis</span> <span class='ocrx_word' id='word_1_85' title='bbox 835 1914 937 1978; x_wconf 88' lang='lat' dir='ltr'>duces</span> <span class='ocrx_word' id='word_1_86' title='bbox 953 1911 1074 1976; x_wconf 81' lang='lat' dir='ltr'>dabant</span> <span class='ocrx_word' id='word_1_87' title='bbox 1090 1850 1166 1974; x_wconf 70' lang='lat' dir='ltr'>oin</span> <span class='ocrx_word' id='word_1_88' title='bbox 1181 1910 1352 1975; x_wconf 78' lang='lat' dir='ltr'>libertates</span> <span class='ocrx_word' id='word_1_89' title='bbox 1368 1908 1464 1974; x_wconf 87' lang='lat' dir='ltr'>villas</span> <span class='ocrx_word' id='word_1_90' title='bbox 1479 1909 1591 1975; x_wconf 89' lang='lat' dir='ltr'>locare</span> <span class='ocrx_word' id='word_1_91' title='bbox 1608 1923 1642 1974; x_wconf 92' lang='lat' dir='ltr'>et</span> <span class='ocrx_word' id='word_1_92' title='bbox 1659 1911 1728 1972; x_wconf 86' lang='lat' dir='ltr'>&#39;ure</span> <span class='ocrx_word' id='word_1_93' title='bbox 1751 1907 1910 1994; x_wconf 87' lang='lat' dir='ltr'>polonico</span> <span class='ocrx_word' id='word_1_94' title='bbox 1926 1920 1960 1974; x_wconf 91' lang='lat' dir='ltr'>et</span> <span class='ocrx_word' id='word_1_95' title='bbox 1974 1906 2186 1988; x_wconf 84' lang='lat' dir='ltr'>theutonico,</span> <span class='ocrx_word' id='word_1_96' title='bbox 2212 1928 2286 1988; x_wconf 84' lang='lat' dir='ltr'>nam</span> <span class='ocrx_word' id='word_1_97' title='bbox 2306 1907 2342 1971; x_wconf 91' lang='lat' dir='ltr'>in</span> 
     </span>
     <span class='ocr_line' id='line_1_10' title="bbox 671 1932 2341 2090; baseline -0.007 -26"><span class='ocrx_word' id='word_1_98' title='bbox 671 2000 790 2090; x_wconf 82' lang='lat' dir='ltr'>privile</span> <span class='ocrx_word' id='word_1_99' title='bbox 816 1998 861 2074; x_wconf 79' lang='lat' dir='ltr'>io,</span> <span class='ocrx_word' id='word_1_100' title='bbox 885 1996 925 2061; x_wconf 93' lang='lat' dir='ltr'>de</span> <span class='ocrx_word' id='word_1_101' title='bbox 941 2016 1007 2078; x_wconf 93' lang='lat' dir='ltr'>quo</span> <span class='ocrx_word' id='word_1_102' title='bbox 1030 1995 1229 2066; x_wconf 82' lang='lat' dir='ltr'>mentionem</span> <span class='ocrx_word' id='word_1_103' title='bbox 1256 1993 1399 2060; x_wconf 85' lang='lat' dir='ltr'>fecimus·</span> <span class='ocrx_word' id='word_1_104' title='bbox 1421 1994 1482 2059; x_wconf 92' lang='lat' dir='ltr'>sub</span> <span class='ocrx_word' id='word_1_105' title='bbox 1505 1992 1548 2059; x_wconf 78' lang='grc' dir='ltr'>Ν0</span> <span class='ocrx_word' id='word_1_106' title='bbox 1564 1993 1627 2058; x_wconf 85' lang='lat' dir='ltr'>LV</span> <span class='ocrx_word' id='word_1_107' title='bbox 1653 1932 1753 2076; x_wconf 82' lang='lat' dir='ltr'>irujus</span> <span class='ocrx_word' id='word_1_108' title='bbox 1782 1991 1881 2072; x_wconf 82' lang='lat' dir='ltr'>Tomi</span> <span class='ocrx_word' id='word_1_109' title='bbox 1907 1993 2014 2057; x_wconf 83' lang='lat' dir='ltr'>nostri</span> <span class='ocrx_word' id='word_1_110' title='bbox 2030 2001 2063 2058; x_wconf 88' lang='lat' dir='ltr'>et</span> <span class='ocrx_word' id='word_1_111' title='bbox 2078 1990 2168 2074; x_wconf 89' lang='lat' dir='ltr'>quod</span> <span class='ocrx_word' id='word_1_112' title='bbox 2183 1990 2219 2055; x_wconf 90' lang='lat' dir='ltr'>in</span> <span class='ocrx_word' id='word_1_113' title='bbox 2232 1990 2341 2056; x_wconf 84' lang='lat' dir='ltr'>Tomo</span> 
     </span>
     <span class='ocr_line' id='line_1_11' title="bbox 672 2022 2339 2173; baseline -0.006 -23"><span class='ocrx_word' id='word_1_114' title='bbox 672 2087 779 2173; x_wconf 87' lang='lat' dir='ltr'>primo</span> <span class='ocrx_word' id='word_1_115' title='bbox 792 2022 931 2149; x_wconf 55' lang='lat' dir='ltr'>iudicis</span> <span class='ocrx_word' id='word_1_116' title='bbox 946 2078 1036 2163; x_wconf 74' lang='lat' dir='ltr'>typis</span> <span class='ocrx_word' id='word_1_117' title='bbox 1052 2088 1205 2143; x_wconf 85' lang='lat' dir='ltr'>exaratus</span> <span class='ocrx_word' id='word_1_118' title='bbox 1221 2087 1273 2144; x_wconf 88' lang='lat' dir='ltr'>est</span> <span class='ocrx_word' id='word_1_119' title='bbox 1286 2076 1439 2162; x_wconf 80' lang='lat' dir='ltr'>legimus:</span> <span class='ocrx_word' id='word_1_120' title='bbox 1477 2076 1569 2162; x_wconf 84' lang='lat' dir='ltr'>„Nos</span> <span class='ocrx_word' id='word_1_121' title='bbox 1596 2100 1677 2142; x_wconf 89' lang='lat' dir='ltr'>vero</span> <span class='ocrx_word' id='word_1_122' title='bbox 1701 2074 1888 2156; x_wconf 85' lang='lat' dir='ltr'>(Bolesluus</span> <span class='ocrx_word' id='word_1_123' title='bbox 1918 2075 2080 2156; x_wconf 86' lang='lat' dir='ltr'>Pudicus)</span> <span class='ocrx_word' id='word_1_124' title='bbox 2110 2073 2339 2159; x_wconf 58' lang='lat' dir='ltr'>aquistcentes</span> 
     </span>
     <span class='ocr_line' id='line_1_12' title="bbox 694 2158 2340 2253; baseline -0.007 -19"><span class='ocrx_word' id='word_1_125' title='bbox 694 2167 826 2234; x_wconf 80' lang='lat' dir='ltr'>reeibus</span> <span class='ocrx_word' id='word_1_126' title='bbox 851 2169 1002 2253; x_wconf 80' lang='lat' dir='ltr'>ipsorum,</span> <span class='ocrx_word' id='word_1_127' title='bbox 1023 2184 1137 2226; x_wconf 87' lang='lat' dir='ltr'>verum</span> <span class='ocrx_word' id='word_1_128' title='bbox 1160 2161 1263 2226; x_wconf 83' lang='lat' dir='ltr'>eciam</span> <span class='ocrx_word' id='word_1_129' title='bbox 1277 2161 1493 2230; x_wconf 80' lang='lat' dir='ltr'>attendentes</span> <span class='ocrx_word' id='word_1_130' title='bbox 1514 2159 1626 2228; x_wconf 82' lang='lat' dir='ltr'>fidelia</span> <span class='ocrx_word' id='word_1_131' title='bbox 1641 2159 1784 2226; x_wconf 87' lang='lat' dir='ltr'>servicia</span> <span class='ocrx_word' id='word_1_132' title='bbox 1797 2162 1959 2225; x_wconf 81' lang='lat' dir='ltr'>eorundem</span> <span class='ocrx_word' id='word_1_133' title='bbox 1980 2159 2029 2240; x_wconf 84' lang='lat' dir='ltr'>(id</span> <span class='ocrx_word' id='word_1_134' title='bbox 2047 2170 2108 2241; x_wconf 86' lang='lat' dir='ltr'>est&#39;,</span> <span class='ocrx_word' id='word_1_135' title='bbox 2125 2158 2262 2223; x_wconf 82' lang='lat' dir='ltr'>militum</span> <span class='ocrx_word' id='word_1_136' title='bbox 2275 2160 2340 2223; x_wconf 76' lang='lat' dir='ltr'>Ra·</span> 
     </span>
     <span class='ocr_line' id='line_1_13' title="bbox 669 2194 2336 2333; baseline -0.008 -13"><span class='ocrx_word' id='word_1_137' title='bbox 669 2194 894 2328; x_wconf 74' lang='lat' dir='ltr'>dvanitarum,</span> <span class='ocrx_word' id='word_1_138' title='bbox 910 2268 1127 2331; x_wconf 87' lang='lat' dir='ltr'>personarum</span> <span class='ocrx_word' id='word_1_139' title='bbox 1142 2246 1343 2329; x_wconf 84' lang='lat' dir='ltr'>privatarum</span> <span class='ocrx_word' id='word_1_140' title='bbox 1359 2245 1407 2309; x_wconf 91' lang='lat' dir='ltr'>uti</span> <span class='ocrx_word' id='word_1_141' title='bbox 1422 2244 1596 2326; x_wconf 90' lang='lat' dir='ltr'>videmus),</span> <span class='ocrx_word' id='word_1_142' title='bbox 1613 2244 1926 2330; x_wconf 73' lang='lat' dir='ltr'>locarcpermisimu&#39;s</span> <span class='ocrx_word' id='word_1_143' title='bbox 1935 2246 2007 2333; x_wconf 71' lang='lat' dir='ltr'>jure</span> <span class='ocrx_word' id='word_1_144' title='bbox 2020 2245 2185 2309; x_wconf 76' lang='lat' dir='ltr'>tlreutoniro</span> <span class='ocrx_word' id='word_1_145' title='bbox 2201 2247 2265 2309; x_wconf 80' lang='lat' dir='ltr'>siue</span> <span class='ocrx_word' id='word_1_146' title='bbox 2275 2267 2336 2330; x_wconf 81' lang='lat' dir='ltr'>po·</span> 
     </span>
     <span class='ocr_line' id='line_1_14' title="bbox 668 2328 1755 2416; baseline -0.012 -13"><span class='ocrx_word' id='word_1_147' title='bbox 668 2340 777 2415; x_wconf 67' lang='lat' dir='ltr'>butro,</span> <span class='ocrx_word' id='word_1_148' title='bbox 792 2353 855 2416; x_wconf 89' lang='lat' dir='ltr'>pro</span> <span class='ocrx_word' id='word_1_149' title='bbox 871 2341 907 2397; x_wconf 92' lang='lat' dir='ltr'>ut</span> <span class='ocrx_word' id='word_1_150' title='bbox 928 2331 1013 2415; x_wconf 90' lang='lat' dir='ltr'>ipsis</span> <span class='ocrx_word' id='word_1_151' title='bbox 1030 2329 1142 2394; x_wconf 92' lang='lat' dir='ltr'>utilius</span> <span class='ocrx_word' id='word_1_152' title='bbox 1158 2328 1355 2393; x_wconf 76' lang='lat' dir='ltr'>videbitur-’¹</span> <span class='ocrx_word' id='word_1_153' title='bbox 1754 2411 1755 2414; x_wconf 8' lang='grc' dir='ltr'><strong>Ἴ</strong></span> 
     </span>
     <span class='ocr_line' id='line_1_15' title="bbox 775 2408 2412 2498; baseline -0.004 -16"><span class='ocrx_word' id='word_1_154' title='bbox 775 2415 843 2483; x_wconf 88' lang='lat' dir='ltr'>Sed</span> <span class='ocrx_word' id='word_1_155' title='bbox 857 2414 959 2479; x_wconf 87' lang='lat' dir='ltr'>multa</span> <span class='ocrx_word' id='word_1_156' title='bbox 973 2414 1036 2478; x_wconf 87' lang='lat' dir='ltr'>alia</span> <span class='ocrx_word' id='word_1_157' title='bbox 1050 2415 1088 2477; x_wconf 69' lang='lat' dir='ltr'>in‘</span> <span class='ocrx_word' id='word_1_158' title='bbox 1098 2412 1163 2477; x_wconf 89' lang='lat' dir='ltr'>hoc</span> <span class='ocrx_word' id='word_1_159' title='bbox 1179 2411 1357 2498; x_wconf 80' lang='lat' dir='ltr'>privilegio</span> <span class='ocrx_word' id='word_1_160' title='bbox 1372 2410 1588 2495; x_wconf 72' lang='lat' dir='ltr'>nepkowsoii</span> <span class='ocrx_word' id='word_1_161' title='bbox 1604 2419 1690 2490; x_wconf 77' lang='lat' dir='ltr'>sunt,</span> <span class='ocrx_word' id='word_1_162' title='bbox 1715 2430 1797 2493; x_wconf 87' lang='lat' dir='ltr'>quae</span> <span class='ocrx_word' id='word_1_163' title='bbox 1815 2409 1911 2474; x_wconf 89' lang='lat' dir='ltr'>uobis</span> <span class='ocrx_word' id='word_1_164' title='bbox 1926 2408 2011 2475; x_wconf 79' lang='lat' dir='ltr'>hanc</span> <span class='ocrx_word' id='word_1_165' title='bbox 2027 2409 2228 2476; x_wconf 79' lang='lat' dir='ltr'>locationem</span> <span class='ocrx_word' id='word_1_166' title='bbox 2242 2408 2337 2475; x_wconf 83' lang='lat' dir='ltr'>villae</span> <span class='ocrx_word' id='word_1_167' title='bbox 2407 2451 2412 2456; x_wconf 94' lang='lat'>-</span> 
     </span>
     <span class='ocr_line' id='line_1_16' title="bbox 671 2483 2336 2580; baseline -0.006 -12"><span class='ocrx_word' id='word_1_168' title='bbox 671 2501 821 2568; x_wconf 78' lang='lat' dir='ltr'>Porembo</span> <span class='ocrx_word' id='word_1_169' title='bbox 834 2497 950 2562; x_wconf 75' lang='lat' dir='ltr'>falsam</span> <span class='ocrx_word' id='word_1_170' title='bbox 965 2519 1040 2561; x_wconf 87' lang='lat' dir='ltr'>esse</span> <span class='ocrx_word' id='word_1_171' title='bbox 1056 2496 1306 2564; x_wconf 81' lang='lat' dir='ltr'>demonstrant.-</span> <span class='ocrx_word' id='word_1_172' title='bbox 1331 2497 1518 2580; x_wconf 77' lang='lat' dir='ltr'>Propterea</span> <span class='ocrx_word' id='word_1_173' title='bbox 1531 2497 1565 2560; x_wconf 75' lang='lat' dir='ltr'>in</span> <span class='ocrx_word' id='word_1_174' title='bbox 1580 2483 1849 2559; x_wconf 77' lang='lat' dir='ltr'>annotationibus</span> <span class='ocrx_word' id='word_1_175' title='bbox 1873 2516 1944 2559; x_wconf 84' lang='lat' dir='ltr'>eam</span> <span class='ocrx_word' id='word_1_176' title='bbox 1957 2495 2139 2580; x_wconf 82' lang='lat' dir='ltr'>posuimus.</span> <span class='ocrx_word' id='word_1_177' title='bbox 2178 2493 2242 2558; x_wconf 82' lang='lat' dir='ltr'>Est</span> <span class='ocrx_word' id='word_1_178' title='bbox 2255 2516 2336 2558; x_wconf 88' lang='lat' dir='ltr'>vero</span> 
     </span>
    </p>
   </div>
   <div class='ocr_carea' id='block_1_4' title="bbox 668 2583 744 2650">
    <p class='ocr_par' dir='ltr' id='par_1_5' title="bbox 668 2583 744 2650">
     <span class='ocr_line' id='line_1_17' title="bbox 668 2583 744 2650; baseline 0 0"><span class='ocrx_word' id='word_1_179' title='bbox 668 2583 744 2650; x_wconf 76' lang='lat' dir='ltr'>talu</span> 
     </span>
    </p>
   </div>
   <div class='ocr_carea' id='block_1_5' title="bbox 747 2632 2338 2758">
    <p class='ocr_par' dir='ltr' id='par_1_6' title="bbox 747 2632 2338 2758">
     <span class='ocr_line' id='line_1_18' title="bbox 747 2632 2338 2758; baseline -0.001 -31"><span class='ocrx_word' id='word_1_180' title='bbox 747 2632 811 2729; x_wconf 44' lang='lat' dir='ltr'>&#39;ln</span> <span class='ocrx_word' id='word_1_181' title='bbox 825 2662 964 2730; x_wconf 83' lang='lat' dir='ltr'>Nomine</span> <span class='ocrx_word' id='word_1_182' title='bbox 989 2661 1126 2732; x_wconf 61' lang='lat' dir='ltr'>hmini</span> <span class='ocrx_word' id='word_1_183' title='bbox 1150 2659 1259 2726; x_wconf 79' lang='lat' dir='ltr'>Amen</span> <span class='ocrx_word' id='word_1_184' title='bbox 1306 2660 1354 2727; x_wconf 85' lang='lat' dir='ltr'>Ne</span> <span class='ocrx_word' id='word_1_185' title='bbox 1377 2684 1432 2727; x_wconf 91' lang='lat' dir='ltr'>res</span> <span class='ocrx_word' id='word_1_186' title='bbox 1454 2670 1569 2748; x_wconf 80' lang='lat' dir='ltr'>gestae</span> <span class='ocrx_word' id='word_1_187' title='bbox 1591 2661 1725 2747; x_wconf 81' lang='lat' dir='ltr'>possint</span> <span class='ocrx_word' id='word_1_188' title='bbox 1745 2659 1968 2758; x_wconf 43' lang='lat' dir='ltr'>persscursum</span> <span class='ocrx_word' id='word_1_189' title='bbox 1991 2659 2156 2726; x_wconf 74' lang='lat' dir='ltr'>declivum</span> <span class='ocrx_word' id='word_1_190' title='bbox 2176 2661 2338 2745; x_wconf 88' lang='lat' dir='ltr'>temporis</span> 
     </span>
    </p>
   </div>
   <div class='ocr_carea' id='block_1_6' title="bbox 567 2743 2420 2834">
    <p class='ocr_par' dir='ltr' id='par_1_7' title="bbox 567 2743 2420 2834">
     <span class='ocr_line' id='line_1_19' title="bbox 567 2743 2420 2834; baseline -0.005 -16"><span class='ocrx_word' id='word_1_191' title='bbox 567 2745 574 2771; x_wconf 90' lang='lat'><em>&#39;</em></span> <span class='ocrx_word' id='word_1_192' title='bbox 670 2748 807 2831; x_wconf 74' lang='lat' dir='ltr'>aboleri,</span> <span class='ocrx_word' id='word_1_193' title='bbox 823 2746 1047 2816; x_wconf 80' lang='lat' dir='ltr'>necessarium</span> <span class='ocrx_word' id='word_1_194' title='bbox 1061 2754 1122 2821; x_wconf 72' lang='lat' dir='ltr'>est</span> <span class='ocrx_word' id='word_1_195' title='bbox 1137 2754 1175 2808; x_wconf 89' lang='lat' dir='ltr'>ut</span> <span class='ocrx_word' id='word_1_196' title='bbox 1189 2743 1323 2812; x_wconf 81' lang='lat' dir='ltr'>eusdem</span> <span class='ocrx_word' id='word_1_197' title='bbox 1348 2744 1523 2822; x_wconf 78' lang='lat' dir='ltr'>confirmet</span> <span class='ocrx_word' id='word_1_198' title='bbox 1547 2744 1733 2834; x_wconf 75' lang='lat' dir='ltr'>linguarum</span> <span class='ocrx_word' id='word_1_199' title='bbox 1753 2746 1978 2824; x_wconf 67' lang='lat' dir='ltr'>testimonium</span> <span class='ocrx_word' id='word_1_200' title='bbox 1992 2753 2027 2812; x_wconf 88' lang='lat' dir='ltr'>et</span> <span class='ocrx_word' id='word_1_201' title='bbox 2041 2743 2190 2812; x_wconf 82' lang='lat' dir='ltr'>solennis</span> <span class='ocrx_word' id='word_1_202' title='bbox 2206 2743 2337 2816; x_wconf 87' lang='lat' dir='ltr'>Titulus</span> <span class='ocrx_word' id='word_1_203' title='bbox 2416 2747 2420 2758; x_wconf 93' lang='lat'>&#39;</span> 
     </span>
    </p>
   </div>
   <div class='ocr_carea' id='block_1_7' title="bbox 575 2825 2389 4780">
    <p class='ocr_par' dir='ltr' id='par_1_8' title="bbox 575 2825 2389 4780">
     <span class='ocr_line' id='line_1_20' title="bbox 668 2825 2337 2915; baseline -0.004 -16"><span class='ocrx_word' id='word_1_204' title='bbox 668 2833 835 2900; x_wconf 73' lang='lat' dir='ltr'>literarum</span> <span class='ocrx_word' id='word_1_205' title='bbox 855 2825 1000 2896; x_wconf 81' lang='lat' dir='ltr'>&#39;Notum</span> <span class='ocrx_word' id='word_1_206' title='bbox 1023 2830 1066 2893; x_wconf 90' lang='lat' dir='ltr'>sit</span> <span class='ocrx_word' id='word_1_207' title='bbox 1081 2828 1183 2915; x_wconf 84' lang='lat' dir='ltr'>igitur</span> <span class='ocrx_word' id='word_1_208' title='bbox 1213 2826 1386 2894; x_wconf 88' lang='lat' dir='ltr'>Universis</span> <span class='ocrx_word' id='word_1_209' title='bbox 1402 2827 1436 2894; x_wconf 76' lang='lat' dir='ltr'>et</span> <span class='ocrx_word' id='word_1_210' title='bbox 1452 2827 1599 2915; x_wconf 84' lang='lat' dir='ltr'>Singulis</span> <span class='ocrx_word' id='word_1_211' title='bbox 1626 2829 1821 2913; x_wconf 84' lang='lat' dir='ltr'>praesertim</span> <span class='ocrx_word' id='word_1_212' title='bbox 1850 2828 1929 2908; x_wconf 84' lang='lat' dir='ltr'>(sic)</span> <span class='ocrx_word' id='word_1_213' title='bbox 1955 2825 2108 2913; x_wconf 80' lang='lat' dir='ltr'>paginam</span> <span class='ocrx_word' id='word_1_214' title='bbox 2135 2827 2337 2912; x_wconf 87' lang='lat' dir='ltr'>inspecturis</span> 
     </span>
     <span class='ocr_line' id='line_1_21' title="bbox 691 2910 2333 2997; baseline -0.005 -15"><span class='ocrx_word' id='word_1_215' title='bbox 691 2916 759 2982; x_wconf 88' lang='lat' dir='ltr'>uod</span> <span class='ocrx_word' id='word_1_216' title='bbox 773 2937 836 2981; x_wconf 89' lang='lat' dir='ltr'>nos</span> <span class='ocrx_word' id='word_1_217' title='bbox 852 2913 973 2982; x_wconf 87' lang='lat' dir='ltr'>Comes</span> <span class='ocrx_word' id='word_1_218' title='bbox 988 2912 1094 2990; x_wconf 83' lang='lat' dir='ltr'>Adam</span> <span class='ocrx_word' id='word_1_219' title='bbox 1110 2910 1260 2977; x_wconf 87' lang='lat' dir='ltr'>dedimus</span> <span class='ocrx_word' id='word_1_220' title='bbox 1274 2912 1358 2977; x_wconf 89' lang='lat' dir='ltr'>Viro</span> <span class='ocrx_word' id='word_1_221' title='bbox 1382 2911 1524 2997; x_wconf 84' lang='lat' dir='ltr'>provido</span> <span class='ocrx_word' id='word_1_222' title='bbox 1546 2911 1728 2978; x_wconf 90' lang='lat' dir='ltr'>Milosconi</span> <span class='ocrx_word' id='word_1_223' title='bbox 1756 2910 1888 2995; x_wconf 84' lang='lat' dir='ltr'>Sylvum</span> <span class='ocrx_word' id='word_1_224' title='bbox 1904 2912 1991 2977; x_wconf 82' lang='lat' dir='ltr'>iuter</span> <span class='ocrx_word' id='word_1_225' title='bbox 2015 2912 2055 2975; x_wconf 92' lang='lat' dir='ltr'><em>W</em></span> <span class='ocrx_word' id='word_1_226' title='bbox 2053 2911 2333 2977; x_wconf 80' lang='lat' dir='ltr'>losiomic&#39;amvil-</span> 
     </span>
     <span class='ocr_line' id='line_1_22' title="bbox 665 2939 2335 3094; baseline -0.001 -29"><span class='ocrx_word' id='word_1_227' title='bbox 665 2939 731 3066; x_wconf 53' lang='lat' dir='ltr'>gur</span> <span class='ocrx_word' id='word_1_228' title='bbox 746 3007 781 3065; x_wconf 88' lang='lat' dir='ltr'>et</span> <span class='ocrx_word' id='word_1_229' title='bbox 795 2991 940 3065; x_wconf 74' lang='lat' dir='ltr'>Grodeire</span> <span class='ocrx_word' id='word_1_230' title='bbox 954 3004 989 3062; x_wconf 84' lang='lat' dir='ltr'>et</span> <span class='ocrx_word' id='word_1_231' title='bbox 1003 2996 1178 3065; x_wconf 76' lang='lat' dir='ltr'>Civitatem</span> <span class='ocrx_word' id='word_1_232' title='bbox 1190 2994 1369 3072; x_wconf 79' lang='lat' dir='ltr'>Otuieoim,</span> <span class='ocrx_word' id='word_1_233' title='bbox 1385 3015 1482 3080; x_wconf 70' lang='lat' dir='ltr'>quem</span> <span class='ocrx_word' id='word_1_234' title='bbox 1496 2997 1633 3080; x_wconf 67' lang='lat' dir='ltr'>sylvam</span> <span class='ocrx_word' id='word_1_235' title='bbox 1646 3017 1689 3062; x_wconf 77' lang='lat' dir='ltr'>ex</span> <span class='ocrx_word' id='word_1_236' title='bbox 1704 2995 2005 3062; x_wconf 64' lang='lat' dir='ltr'>conumeratus</span> <span class='ocrx_word' id='word_1_237' title='bbox 2019 2995 2068 3076; x_wconf 62' lang='lat'>(³¹)</span> <span class='ocrx_word' id='word_1_238' title='bbox 2083 2993 2244 3094; x_wconf 66' lang='lat' dir='ltr'>fflnipis</span> <span class='ocrx_word' id='word_1_239' title='bbox 2260 2997 2335 3072; x_wconf 66' lang='lat' dir='ltr'>ru»</span> 
     </span>
     <span class='ocr_line' id='line_1_23' title="bbox 667 3078 2336 3169; baseline -0.004 -17"><span class='ocrx_word' id='word_1_240' title='bbox 667 3083 846 3165; x_wconf 44' lang='lat' dir='ltr'>miskilff)</span> <span class='ocrx_word' id='word_1_241' title='bbox 863 3082 1049 3169; x_wconf 62' lang='lat' dir='ltr'>Delmatia</span> <span class='ocrx_word' id='word_1_242' title='bbox 1074 3080 1181 3150; x_wconf 76' lang='lat' dir='ltr'>Ducis</span> <span class='ocrx_word' id='word_1_243' title='bbox 1207 3078 1478 3152; x_wconf 74' lang='lat' dir='ltr'>Osvieoimeusis</span> <span class='ocrx_word' id='word_1_244' title='bbox 1495 3083 1571 3165; x_wconf 85' lang='lat' dir='ltr'>jure</span> <span class='ocrx_word' id='word_1_245' title='bbox 1592 3081 1815 3148; x_wconf 68' lang='lat' dir='ltr'>haereditario</span> <span class='ocrx_word' id='word_1_246' title='bbox 1843 3079 2069 3165; x_wconf 71' lang='lat' dir='ltr'>possidemus,</span> <span class='ocrx_word' id='word_1_247' title='bbox 2087 3081 2336 3164; x_wconf 67' lang='lat' dir='ltr'>Sexanrtatsiot</span> 
     </span>
     <span class='ocr_line' id='line_1_24' title="bbox 667 3161 2334 3250; baseline -0.004 -16"><span class='ocrx_word' id='word_1_248' title='bbox 667 3168 805 3236; x_wconf 81' lang='lat' dir='ltr'>Mausos</span> <span class='ocrx_word' id='word_1_249' title='bbox 829 3167 1069 3246; x_wconf 84' lang='lat' dir='ltr'>Franconioos,</span> <span class='ocrx_word' id='word_1_250' title='bbox 1092 3169 1166 3248; x_wconf 89' lang='lat' dir='ltr'>jure</span> <span class='ocrx_word' id='word_1_251' title='bbox 1190 3162 1353 3230; x_wconf 87' lang='lat' dir='ltr'>Polonico</span> <span class='ocrx_word' id='word_1_252' title='bbox 1382 3163 1613 3250; x_wconf 71' lang='lat' dir='ltr'>Populautsm,</span> <span class='ocrx_word' id='word_1_253' title='bbox 1629 3163 1798 3250; x_wconf 85' lang='lat' dir='ltr'>inquibus</span> <span class='ocrx_word' id='word_1_254' title='bbox 1819 3167 1916 3230; x_wconf 83' lang='lat' dir='ltr'>etiam</span> <span class='ocrx_word' id='word_1_255' title='bbox 1943 3166 1953 3228; x_wconf 92' lang='lat' dir='ltr'>i</span> <span class='ocrx_word' id='word_1_256' title='bbox 1980 3188 2016 3229; x_wconf 88' lang='lat' dir='ltr'>se</span> <span class='ocrx_word' id='word_1_257' title='bbox 2040 3161 2212 3229; x_wconf 85' lang='lat' dir='ltr'>Miloslaus</span> <span class='ocrx_word' id='word_1_258' title='bbox 2238 3175 2334 3248; x_wconf 71' lang='lat' dir='ltr'>quem</span> 
     </span>
     <span class='ocr_line' id='line_1_25' title="bbox 668 3247 2335 3334; baseline -0.002 -17"><span class='ocrx_word' id='word_1_259' title='bbox 668 3252 719 3317; x_wconf 90' lang='lat' dir='ltr'>sui</span> <span class='ocrx_word' id='word_1_260' title='bbox 745 3249 877 3317; x_wconf 83' lang='lat' dir='ltr'>Posteri</span> <span class='ocrx_word' id='word_1_261' title='bbox 903 3249 1121 3333; x_wconf 87' lang='lat' dir='ltr'>possidebunt</span> <span class='ocrx_word' id='word_1_262' title='bbox 1146 3258 1275 3314; x_wconf 83' lang='lat' dir='ltr'>sextum</span> <span class='ocrx_word' id='word_1_263' title='bbox 1300 3247 1419 3314; x_wconf 84' lang='lat' dir='ltr'>Mauso</span> <span class='ocrx_word' id='word_1_264' title='bbox 1466 3247 1607 3314; x_wconf 88' lang='lat' dir='ltr'>liberum</span> <span class='ocrx_word' id='word_1_265' title='bbox 1621 3263 1795 3334; x_wconf 87' lang='lat' dir='ltr'>perpetuo,</span> <span class='ocrx_word' id='word_1_266' title='bbox 1811 3257 1878 3312; x_wconf 90' lang='lat' dir='ltr'>tum</span> <span class='ocrx_word' id='word_1_267' title='bbox 1909 3271 1928 3312; x_wconf 82' lang='lat' dir='ltr'>s</span> <span class='ocrx_word' id='word_1_268' title='bbox 1967 3249 2083 3326; x_wconf 80' lang='lat' dir='ltr'>cuiuis,</span> <span class='ocrx_word' id='word_1_269' title='bbox 2097 3257 2166 3313; x_wconf 90' lang='lat' dir='ltr'>tum</span> <span class='ocrx_word' id='word_1_270' title='bbox 2190 3269 2335 3314; x_wconf 85' lang='lat' dir='ltr'>acensu.</span> 
     </span>
     <span class='ocr_line' id='line_1_26' title="bbox 667 3273 2389 3422; baseline 0 -26"><span class='ocrx_word' id='word_1_271' title='bbox 667 3335 750 3400; x_wconf 87' lang='lat' dir='ltr'>Item</span> <span class='ocrx_word' id='word_1_272' title='bbox 763 3332 951 3396; x_wconf 84' lang='lat' dir='ltr'>molendina</span> <span class='ocrx_word' id='word_1_273' title='bbox 964 3332 1069 3397; x_wconf 87' lang='lat' dir='ltr'>libera</span> <span class='ocrx_word' id='word_1_274' title='bbox 1084 3341 1249 3422; x_wconf 78' lang='lat' dir='ltr'>quotquot</span> <span class='ocrx_word' id='word_1_275' title='bbox 1263 3332 1356 3397; x_wconf 88' lang='lat' dir='ltr'>volet</span> <span class='ocrx_word' id='word_1_276' title='bbox 1371 3273 1568 3412; x_wconf 64' lang='lat' dir='ltr'>aednibcabit</span> <span class='ocrx_word' id='word_1_277' title='bbox 1588 3355 1688 3418; x_wconf 88' lang='lat' dir='ltr'>supra</span> <span class='ocrx_word' id='word_1_278' title='bbox 1701 3329 1847 3411; x_wconf 86' lang='lat' dir='ltr'>fluvium,</span> <span class='ocrx_word' id='word_1_279' title='bbox 1871 3332 1927 3415; x_wconf 91' lang='lat' dir='ltr'>qui</span> <span class='ocrx_word' id='word_1_280' title='bbox 1952 3333 2164 3420; x_wconf 74' lang='lat' dir='ltr'>Wlosiannieo</span> <span class='ocrx_word' id='word_1_281' title='bbox 2181 3343 2332 3397; x_wconf 88' lang='lat' dir='ltr'>vocatur.</span> <span class='ocrx_word' id='word_1_282' title='bbox 2387 3338 2389 3342; x_wconf 81' lang='grc'><strong>’</strong></span> 
     </span>
     <span class='ocr_line' id='line_1_27' title="bbox 575 3414 2333 3500; baseline -0.001 -20"><span class='ocrx_word' id='word_1_283' title='bbox 575 3463 595 3480; x_wconf 48' lang='lat' dir='ltr'>c</span> <span class='ocrx_word' id='word_1_284' title='bbox 617 3496 619 3499; x_wconf 19' lang='lat'>·</span> <span class='ocrx_word' id='word_1_285' title='bbox 666 3414 854 3486; x_wconf 74' lang='lat' dir='ltr'>Taburnum</span> <span class='ocrx_word' id='word_1_286' title='bbox 869 3416 968 3479; x_wconf 77' lang='lat' dir='ltr'>etlam</span> <span class='ocrx_word' id='word_1_287' title='bbox 981 3415 1117 3481; x_wconf 74' lang='lat' dir='ltr'>habebit</span> <span class='ocrx_word' id='word_1_288' title='bbox 1132 3415 1268 3480; x_wconf 82' lang='lat' dir='ltr'>liberum</span> <span class='ocrx_word' id='word_1_289' title='bbox 1284 3417 1317 3480; x_wconf 93' lang='lat' dir='ltr'>in</span> <span class='ocrx_word' id='word_1_290' title='bbox 1332 3415 1422 3482; x_wconf 79' lang='lat' dir='ltr'>Villa</span> <span class='ocrx_word' id='word_1_291' title='bbox 1436 3435 1536 3500; x_wconf 85' lang='lat' dir='ltr'>quam</span> <span class='ocrx_word' id='word_1_292' title='bbox 1550 3418 1692 3498; x_wconf 67' lang='lat' dir='ltr'>iecit-et</span> <span class='ocrx_word' id='word_1_293' title='bbox 1706 3415 1906 3484; x_wconf 70' lang='lat' dir='ltr'>Carnificem</span> <span class='ocrx_word' id='word_1_294' title='bbox 1918 3426 1953 3482; x_wconf 85' lang='lat' dir='ltr'>et</span> <span class='ocrx_word' id='word_1_295' title='bbox 1968 3416 2145 3482; x_wconf 83' lang='lat' dir='ltr'>Pistorern.</span> <span class='ocrx_word' id='word_1_296' title='bbox 2168 3415 2249 3482; x_wconf 85' lang='lat' dir='ltr'>Item</span> <span class='ocrx_word' id='word_1_297' title='bbox 2264 3424 2333 3481; x_wconf 88' lang='lat' dir='ltr'>ter·</span> 
     </span>
     <span class='ocr_line' id='line_1_28' title="bbox 664 3497 2331 3588; baseline -0.001 -20"><span class='ocrx_word' id='word_1_298' title='bbox 664 3501 749 3572; x_wconf 85' lang='lat' dir='ltr'>tiuiu</span> <span class='ocrx_word' id='word_1_299' title='bbox 761 3497 1079 3568; x_wconf 71' lang='lat' dir='ltr'>danninumbsbit</span> <span class='ocrx_word' id='word_1_300' title='bbox 1090 3498 1132 3564; x_wconf 89' lang='lat' dir='ltr'>de</span> <span class='ocrx_word' id='word_1_301' title='bbox 1145 3499 1365 3584; x_wconf 80' lang='lat' dir='ltr'>proventibus</span> <span class='ocrx_word' id='word_1_302' title='bbox 1382 3498 1603 3583; x_wconf 86' lang='lat' dir='ltr'>Judioiorum,</span> <span class='ocrx_word' id='word_1_303' title='bbox 1619 3499 1704 3566; x_wconf 89' lang='lat' dir='ltr'>duos</span> <span class='ocrx_word' id='word_1_304' title='bbox 1716 3523 1781 3588; x_wconf 78' lang='lat' dir='ltr'>pro</span> <span class='ocrx_word' id='word_1_305' title='bbox 1797 3500 1896 3570; x_wconf 76' lang='lat' dir='ltr'>uobis</span> <span class='ocrx_word' id='word_1_306' title='bbox 1912 3499 2126 3568; x_wconf 85' lang='lat' dir='ltr'>reservando.</span> <span class='ocrx_word' id='word_1_307' title='bbox 2142 3571 2146 3578; x_wconf 64' lang='grc'><em>,</em></span> <span class='ocrx_word' id='word_1_308' title='bbox 2159 3497 2331 3568; x_wconf 82' lang='lat' dir='ltr'>Ecclesiae</span> 
     </span>
     <span class='ocr_line' id='line_1_29' title="bbox 666 3577 2332 3671; baseline 0.001 -21"><span class='ocrx_word' id='word_1_309' title='bbox 666 3584 774 3667; x_wconf 81' lang='lat' dir='ltr'>etism,</span> <span class='ocrx_word' id='word_1_310' title='bbox 798 3603 896 3667; x_wconf 90' lang='lat' dir='ltr'>quam</span> <span class='ocrx_word' id='word_1_311' title='bbox 910 3581 1031 3647; x_wconf 89' lang='lat' dir='ltr'>ibidem</span> <span class='ocrx_word' id='word_1_312' title='bbox 1046 3577 1279 3664; x_wconf 83' lang='lat' dir='ltr'>construxerit,</span> <span class='ocrx_word' id='word_1_313' title='bbox 1297 3584 1331 3649; x_wconf 89' lang='lat' dir='ltr'>in</span> <span class='ocrx_word' id='word_1_314' title='bbox 1347 3584 1458 3650; x_wconf 89' lang='lat' dir='ltr'>dotem</span> <span class='ocrx_word' id='word_1_315' title='bbox 1481 3607 1581 3648; x_wconf 91' lang='lat' dir='ltr'>unum</span> <span class='ocrx_word' id='word_1_316' title='bbox 1603 3584 1757 3652; x_wconf 86' lang='lat' dir='ltr'>Mausum</span> <span class='ocrx_word' id='word_1_317' title='bbox 1780 3581 1920 3649; x_wconf 90' lang='lat' dir='ltr'>liberum</span> <span class='ocrx_word' id='word_1_318' title='bbox 1945 3583 2162 3671; x_wconf 80' lang='lat' dir='ltr'>assignamus.</span> <span class='ocrx_word' id='word_1_319' title='bbox 2198 3581 2332 3652; x_wconf 88' lang='lat' dir='ltr'>Gaude·</span> 
     </span>
     <span class='ocr_line' id='line_1_30' title="bbox 664 3663 2332 3769; baseline 0 -35"><span class='ocrx_word' id='word_1_320' title='bbox 664 3669 746 3735; x_wconf 89' lang='lat' dir='ltr'>bunt</span> <span class='ocrx_word' id='word_1_321' title='bbox 761 3678 878 3743; x_wconf 78' lang='lat' dir='ltr'>entem,</span> <span class='ocrx_word' id='word_1_322' title='bbox 892 3667 949 3749; x_wconf 88' lang='lat' dir='ltr'>qul</span> <span class='ocrx_word' id='word_1_323' title='bbox 961 3665 1062 3764; x_wconf 82' lang='lat' dir='ltr'>locati</span> <span class='ocrx_word' id='word_1_324' title='bbox 1076 3666 1199 3732; x_wconf 78' lang='lat' dir='ltr'>luerint</span> <span class='ocrx_word' id='word_1_325' title='bbox 1211 3667 1247 3731; x_wconf 90' lang='lat' dir='ltr'>in</span> <span class='ocrx_word' id='word_1_326' title='bbox 1261 3663 1389 3766; x_wconf 75' lang='lat' dir='ltr'>Mensis</span> <span class='ocrx_word' id='word_1_327' title='bbox 1400 3689 1405 3698; x_wconf 85' lang='grc'><strong>’</strong></span> <span class='ocrx_word' id='word_1_328' title='bbox 1415 3665 1621 3752; x_wconf 80' lang='lat' dir='ltr'>praenotatis</span> <span class='ocrx_word' id='word_1_329' title='bbox 1647 3667 1793 3767; x_wconf 71' lang='lat' dir='ltr'>sedecim</span> <span class='ocrx_word' id='word_1_330' title='bbox 1818 3687 1989 3767; x_wconf 82' lang='lat' dir='ltr'>annorum,</span> <span class='ocrx_word' id='word_1_331' title='bbox 2008 3668 2159 3767; x_wconf 72' lang='lat' dir='ltr'>plenarie</span> <span class='ocrx_word' id='word_1_332' title='bbox 2170 3668 2332 3769; x_wconf 72' lang='lat' dir='ltr'>llbertste,</span> 
     </span>
     <span class='ocr_line' id='line_1_31' title="bbox 666 3749 2334 3920; baseline 0.002 -19"><span class='ocrx_word' id='word_1_333' title='bbox 666 3749 1119 3920; x_wconf 47' lang='lat' dir='ltr'>tlttltbltttltil</span> <span class='ocrx_word' id='word_1_334' title='bbox 1133 3751 2334 3919; x_wconf 56' lang='lat' dir='ltr'>dttttttltl’ltsstfflt‘itit2⁸llttlffltlt·itit?</span> 
     </span>
     <span class='ocr_line' id='line_1_32' title="bbox 665 3913 2332 4007; baseline 0.002 -24"><span class='ocrx_word' id='word_1_335' title='bbox 665 3917 788 4007; x_wconf 80' lang='lat' dir='ltr'>gillinis</span> <span class='ocrx_word' id='word_1_336' title='bbox 805 3925 838 3982; x_wconf 85' lang='lat' dir='ltr'>et</span> <span class='ocrx_word' id='word_1_337' title='bbox 878 3940 937 3983; x_wconf 87' lang='lat' dir='ltr'>uas</span> <span class='ocrx_word' id='word_1_338' title='bbox 952 3939 1084 3983; x_wconf 85' lang='lat' dir='ltr'>avenae.</span> <span class='ocrx_word' id='word_1_339' title='bbox 1118 3913 1164 3983; x_wconf 84' lang='lat' dir='ltr'>Et</span> <span class='ocrx_word' id='word_1_340' title='bbox 1179 3933 1215 3982; x_wconf 89' lang='lat' dir='ltr'>ut</span> <span class='ocrx_word' id='word_1_341' title='bbox 1229 3918 1340 3984; x_wconf 83' lang='lat' dir='ltr'>omnia</span> <span class='ocrx_word' id='word_1_342' title='bbox 1361 3918 1565 4004; x_wconf 81' lang='lat' dir='ltr'>praehabita,</span> <span class='ocrx_word' id='word_1_343' title='bbox 1591 3943 1654 3985; x_wconf 90' lang='lat' dir='ltr'>uec</span> <span class='ocrx_word' id='word_1_344' title='bbox 1680 3942 1747 3986; x_wconf 89' lang='lat' dir='ltr'>non</span> <span class='ocrx_word' id='word_1_345' title='bbox 1772 3943 1886 3986; x_wconf 89' lang='lat' dir='ltr'>eorum</span> <span class='ocrx_word' id='word_1_346' title='bbox 1915 3922 1965 3988; x_wconf 92' lang='lat' dir='ltr'>sin</span> <span class='ocrx_word' id='word_1_347' title='bbox 1992 3921 2037 3985; x_wconf 94' lang='lat' dir='ltr'>uli</span> <span class='ocrx_word' id='word_1_348' title='bbox 2058 3920 2247 4007; x_wconf 89' lang='lat' dir='ltr'>perenniter</span> <span class='ocrx_word' id='word_1_349' title='bbox 2264 3943 2332 3987; x_wconf 88' lang='lat' dir='ltr'>ma·</span> 
     </span>
     <span class='ocr_line' id='line_1_33' title="bbox 665 3946 2332 4110; baseline 0.003 -41"><span class='ocrx_word' id='word_1_350' title='bbox 665 4011 769 4100; x_wconf 75' lang='lat' dir='ltr'>noant</span> <span class='ocrx_word' id='word_1_351' title='bbox 790 4001 985 4100; x_wconf 74' lang='lat' dir='ltr'>iuo‘onculsa</span> <span class='ocrx_word' id='word_1_352' title='bbox 1009 4003 1096 4083; x_wconf 81' lang='lat' dir='ltr'>(sic).</span> <span class='ocrx_word' id='word_1_353' title='bbox 1123 4004 1318 4100; x_wconf 78' lang='lat' dir='ltr'>praesertim</span> <span class='ocrx_word' id='word_1_354' title='bbox 1336 4003 1417 4086; x_wconf 88' lang='lat' dir='ltr'>(sic)</span> <span class='ocrx_word' id='word_1_355' title='bbox 1442 4005 1596 4104; x_wconf 76' lang='lat' dir='ltr'>paginam</span> <span class='ocrx_word' id='word_1_356' title='bbox 1622 4027 1723 4091; x_wconf 87' lang='lat' dir='ltr'>super</span> <span class='ocrx_word' id='word_1_357' title='bbox 1742 4005 1826 4090; x_wconf 87' lang='lat' dir='ltr'>ipsis</span> <span class='ocrx_word' id='word_1_358' title='bbox 1849 3946 2017 4072; x_wconf 69' lang='lat' dir='ltr'>conscribi</span> <span class='ocrx_word' id='word_1_359' title='bbox 2041 4004 2282 4110; x_wconf 48' lang='lat' dir='ltr'>premimus,</span> <span class='ocrx_word' id='word_1_360' title='bbox 2298 4017 2332 4074; x_wconf 86' lang='lat' dir='ltr'>et</span> 
     </span>
     <span class='ocr_line' id='line_1_34' title="bbox 610 4081 2332 4172; baseline 0.002 -18"><span class='ocrx_word' id='word_1_361' title='bbox 610 4121 613 4138; x_wconf 55' lang='grc' dir='ltr'>ι</span> <span class='ocrx_word' id='word_1_362' title='bbox 664 4081 1349 4172; x_wconf 76' lang='lat' dir='ltr'>uostnsrgdlrharactere(sic)fec1mus</span> <span class='ocrx_word' id='word_1_363' title='bbox 1375 4087 1439 4153; x_wconf 91' lang='lat' dir='ltr'>insi</span> <span class='ocrx_word' id='word_1_364' title='bbox 1465 4087 1538 4153; x_wconf 88' lang='lat' dir='ltr'>nrri.</span> <span class='ocrx_word' id='word_1_365' title='bbox 1572 4087 1705 4154; x_wconf 82' lang='lat' dir='ltr'>Datum:</span> <span class='ocrx_word' id='word_1_366' title='bbox 1731 4089 1887 4156; x_wconf 78' lang='lat' dir='ltr'>Oswieeim</span> <span class='ocrx_word' id='word_1_367' title='bbox 1902 4081 1936 4156; x_wconf 88' lang='lat' dir='ltr'>iu</span> <span class='ocrx_word' id='word_1_368' title='bbox 1950 4089 1993 4157; x_wconf 89' lang='lat' dir='ltr'>Vi</span> <span class='ocrx_word' id='word_1_369' title='bbox 2021 4089 2075 4155; x_wconf 77' lang='lat' dir='ltr'>‘ha</span> <span class='ocrx_word' id='word_1_370' title='bbox 2090 4089 2123 4155; x_wconf 87' lang='lat' dir='ltr'>A</span> <span class='ocrx_word' id='word_1_371' title='bbox 2149 4088 2332 4157; x_wconf 87' lang='lat' dir='ltr'>ostolorum</span> 
     </span>
     <span class='ocr_line' id='line_1_35' title="bbox 662 4112 2332 4267; baseline 0.004 -31"><span class='ocrx_word' id='word_1_372' title='bbox 662 4168 810 4255; x_wconf 85' lang='lat' dir='ltr'>Philippi</span> <span class='ocrx_word' id='word_1_373' title='bbox 826 4178 860 4267; x_wconf 78' lang='lat' dir='ltr'>et</span> <span class='ocrx_word' id='word_1_374' title='bbox 873 4167 994 4235; x_wconf 76' lang='lat' dir='ltr'>Jacobi</span> <span class='ocrx_word' id='word_1_375' title='bbox 1007 4169 1251 4256; x_wconf 86' lang='lat' dir='ltr'>Apostolorum</span> <span class='ocrx_word' id='word_1_376' title='bbox 1299 4171 1400 4240; x_wconf 88' lang='lat' dir='ltr'>Anno</span> <span class='ocrx_word' id='word_1_377' title='bbox 1429 4112 1617 4239; x_wconf 62' lang='lat' dir='ltr'>liativitatis</span> <span class='ocrx_word' id='word_1_378' title='bbox 1641 4172 1778 4238; x_wconf 89' lang='lat' dir='ltr'>Domini</span> <span class='ocrx_word' id='word_1_379' title='bbox 1792 4175 1839 4240; x_wconf 85' lang='lat' dir='ltr'>M.</span> <span class='ocrx_word' id='word_1_380' title='bbox 1856 4172 1923 4241; x_wconf 81' lang='lat' dir='ltr'>CC:</span> <span class='ocrx_word' id='word_1_381' title='bbox 1939 4113 2083 4242; x_wconf 57' lang='lat' dir='ltr'>Lifflrt</span> <span class='ocrx_word' id='word_1_382' title='bbox 2157 4175 2239 4239; x_wconf 87' lang='lat' dir='ltr'>into.</span> <span class='ocrx_word' id='word_1_383' title='bbox 2263 4171 2332 4242; x_wconf 81' lang='lat' dir='ltr'>Te·</span> 
     </span>
     <span class='ocr_line' id='line_1_36' title="bbox 664 4247 2329 4344; baseline 0.002 -23"><span class='ocrx_word' id='word_1_384' title='bbox 664 4254 770 4334; x_wconf 88' lang='lat' dir='ltr'>stibus</span> <span class='ocrx_word' id='word_1_385' title='bbox 786 4271 843 4339; x_wconf 79' lang='lat' dir='ltr'>qni</span> <span class='ocrx_word' id='word_1_386' title='bbox 858 4253 995 4319; x_wconf 86' lang='lat' dir='ltr'>aderant</span> <span class='ocrx_word' id='word_1_387' title='bbox 1032 4255 1266 4340; x_wconf 75' lang='lat' dir='ltr'>infrascriptis,</span> <span class='ocrx_word' id='word_1_388' title='bbox 1293 4255 1434 4322; x_wconf 84' lang='lat' dir='ltr'>scilieet:</span> <span class='ocrx_word' id='word_1_389' title='bbox 1457 4257 1616 4332; x_wconf 85' lang='lat' dir='ltr'>Heurico,</span> <span class='ocrx_word' id='word_1_390' title='bbox 1644 4257 1814 4344; x_wconf 86' lang='lat' dir='ltr'>Stephano</span> <span class='ocrx_word' id='word_1_391' title='bbox 1837 4247 2191 4342; x_wconf 82' lang='lat' dir='ltr'>Bassichich,Jaeobo</span> <span class='ocrx_word' id='word_1_392' title='bbox 2206 4259 2329 4325; x_wconf 81' lang='lat' dir='ltr'>Zebro·</span> 
     </span>
     <span class='ocr_line' id='line_1_37' title="bbox 663 4303 2120 4432; baseline 0.002 -26"><span class='ocrx_word' id='word_1_393' title='bbox 663 4335 793 4406; x_wconf 82' lang='lat' dir='ltr'>novieb</span> <span class='ocrx_word' id='word_1_394' title='bbox 820 4337 953 4428; x_wconf 77' lang='lat' dir='ltr'>Boguu</span> <span class='ocrx_word' id='word_1_395' title='bbox 966 4303 1130 4405; x_wconf 70' lang='lat' dir='ltr'>biichaele</span> <span class='ocrx_word' id='word_1_396' title='bbox 1145 4340 1327 4423; x_wconf 75' lang='lat' dir='ltr'>Venatote,</span> <span class='ocrx_word' id='word_1_397' title='bbox 1344 4338 1519 4409; x_wconf 89' lang='lat' dir='ltr'>Gothardo</span> <span class='ocrx_word' id='word_1_398' title='bbox 1534 4341 1692 4408; x_wconf 88' lang='lat' dir='ltr'>militibus</span> <span class='ocrx_word' id='word_1_399' title='bbox 1708 4351 1741 4406; x_wconf 88' lang='lat' dir='ltr'>et</span> <span class='ocrx_word' id='word_1_400' title='bbox 1759 4341 1830 4409; x_wconf 87' lang='lat' dir='ltr'>aliis</span> <span class='ocrx_word' id='word_1_401' title='bbox 1847 4361 1943 4427; x_wconf 86' lang='lat' dir='ltr'>quam</span> <span class='ocrx_word' id='word_1_402' title='bbox 1960 4343 2120 4432; x_wconf 85' lang='lat' dir='ltr'>pluribus.</span> 
     </span>
     <span class='ocr_line' id='line_1_38' title="bbox 576 4419 2036 4513; baseline 0 -21"><span class='ocrx_word' id='word_1_403' title='bbox 576 4445 579 4452; x_wconf 84' lang='grc'><strong>’</strong></span> <span class='ocrx_word' id='word_1_404' title='bbox 765 4423 794 4504; x_wconf 81' lang='lat'>(²</span> <span class='ocrx_word' id='word_1_405' title='bbox 833 4421 940 4513; x_wconf 77' lang='lat' dir='ltr'>Opole,</span> <span class='ocrx_word' id='word_1_406' title='bbox 956 4419 1154 4491; x_wconf 78' lang='lat' dir='ltr'>Germanice</span> <span class='ocrx_word' id='word_1_407' title='bbox 1172 4419 1295 4513; x_wconf 79' lang='lat' dir='ltr'>Oppelu</span> <span class='ocrx_word' id='word_1_408' title='bbox 1310 4423 1391 4491; x_wconf 86' lang='lat' dir='ltr'>urbs</span> <span class='ocrx_word' id='word_1_409' title='bbox 1405 4425 1440 4491; x_wconf 88' lang='lat' dir='ltr'>in</span> <span class='ocrx_word' id='word_1_410' title='bbox 1456 4423 1587 4508; x_wconf 81' lang='lat' dir='ltr'>Silesia‚</span> <span class='ocrx_word' id='word_1_411' title='bbox 1608 4427 1769 4491; x_wconf 86' lang='lat' dir='ltr'>territorii</span> <span class='ocrx_word' id='word_1_412' title='bbox 1783 4436 1896 4512; x_wconf 81' lang='lat' dir='ltr'>caput.</span> <span class='ocrx_word' id='word_1_413' title='bbox 2033 4483 2036 4492; x_wconf 92' lang='lat'>.</span> 
     </span>
     <span class='ocr_line' id='line_1_39' title="bbox 765 4506 2201 4629; baseline 0.001 -56"><span class='ocrx_word' id='word_1_414' title='bbox 765 4507 809 4629; x_wconf 56' lang='lat' dir='ltr'>q)</span> <span class='ocrx_word' id='word_1_415' title='bbox 834 4507 1003 4596; x_wconf 76' lang='lat' dir='ltr'>Osuioeim,</span> <span class='ocrx_word' id='word_1_416' title='bbox 1018 4506 1118 4574; x_wconf 91' lang='lat' dir='ltr'>hodie</span> <span class='ocrx_word' id='word_1_417' title='bbox 1134 4531 1272 4595; x_wconf 87' lang='lat' dir='ltr'>parvum</span> <span class='ocrx_word' id='word_1_418' title='bbox 1288 4509 1447 4595; x_wconf 87' lang='lat' dir='ltr'>oppidum</span> <span class='ocrx_word' id='word_1_419' title='bbox 1465 4508 1573 4597; x_wconf 82' lang='lat' dir='ltr'>Regni</span> <span class='ocrx_word' id='word_1_420' title='bbox 1588 4510 1759 4592; x_wconf 87' lang='lat' dir='ltr'>Poloniae,</span> <span class='ocrx_word' id='word_1_421' title='bbox 1778 4511 1945 4601; x_wconf 83' lang='lat' dir='ltr'>quondam</span> <span class='ocrx_word' id='word_1_422' title='bbox 1961 4507 2098 4579; x_wconf 83' lang='lat' dir='ltr'>Sllesiae</span> <span class='ocrx_word' id='word_1_423' title='bbox 2113 4531 2201 4600; x_wconf 80' lang='lat' dir='ltr'>pars.</span> 
     </span>
     <span class='ocr_line' id='line_1_40' title="bbox 763 4591 2118 4764; baseline -0.001 -106"><span class='ocrx_word' id='word_1_424' title='bbox 763 4592 809 4754; x_wconf 44' lang='lat'>{⁵3</span> <span class='ocrx_word' id='word_1_425' title='bbox 830 4591 1062 4742; x_wconf 46' lang='lat' dir='ltr'>§dopgaeicvilla</span> <span class='ocrx_word' id='word_1_426' title='bbox 1076 4594 1361 4744; x_wconf 58' lang='lat' dir='ltr'>eltfflmonsspppium</span> <span class='ocrx_word' id='word_1_427' title='bbox 1376 4616 1447 4746; x_wconf 55' lang='lat' dir='ltr'>nup</span> <span class='ocrx_word' id='word_1_428' title='bbox 1459 4592 1613 4742; x_wconf 53' lang='lat' dir='ltr'>proripis</span> <span class='ocrx_word' id='word_1_429' title='bbox 1628 4593 1801 4764; x_wconf 47' lang='lat' dir='ltr'>Cpracoppp,</span> <span class='ocrx_word' id='word_1_430' title='bbox 1818 4593 1953 4662; x_wconf 85' lang='lat' dir='ltr'>nuncin</span> <span class='ocrx_word' id='word_1_431' title='bbox 1969 4593 2118 4663; x_wconf 84' lang='lat' dir='ltr'>Gallicis.</span> 
     </span>
     <span class='ocr_line' id='line_1_41' title="bbox 854 4696 1807 4780; baseline 0.003 -40"><span class='ocrx_word' id='word_1_432' title='bbox 854 4698 899 4762; x_wconf 78' lang='lat' dir='ltr'>py</span> <span class='ocrx_word' id='word_1_433' title='bbox 998 4696 1028 4741; x_wconf 76' lang='lat' dir='ltr'>e:</span> <span class='ocrx_word' id='word_1_434' title='bbox 1048 4697 1090 4742; x_wconf 82' lang='lat' dir='ltr'>so</span> <span class='ocrx_word' id='word_1_435' title='bbox 1154 4701 1240 4744; x_wconf 85' lang='lat' dir='ltr'>auno</span> <span class='ocrx_word' id='word_1_436' title='bbox 1292 4700 1403 4745; x_wconf 86' lang='lat' dir='ltr'>rouem</span> <span class='ocrx_word' id='word_1_437' title='bbox 1450 4701 1516 4780; x_wconf 81' lang='lat' dir='ltr'>ouu¹</span> <span class='ocrx_word' id='word_1_438' title='bbox 1553 4699 1627 4763; x_wconf 75' lang='lat' dir='ltr'>ujus</span> <span class='ocrx_word' id='word_1_439' title='bbox 1667 4701 1718 4767; x_wconf 79' lang='lat' dir='ltr'>ag.</span> <span class='ocrx_word' id='word_1_440' title='bbox 1800 4727 1807 4743; x_wconf 92' lang='lat'><strong><em>.</em></strong></span> 
     </span>
    </p>
   </div>
   <div class='ocr_carea' id='block_1_8' title="bbox 759 4863 2135 4996">
    <p class='ocr_par' dir='ltr' id='par_1_9' title="bbox 759 4863 2135 4996">
     <span class='ocr_line' id='line_1_42' title="bbox 759 4863 2135 4996; baseline -0.004 -29"><span class='ocrx_word' id='word_1_441' title='bbox 759 4899 795 4967; x_wconf 62' lang='grc' dir='ltr'>ζ’)</span> <span class='ocrx_word' id='word_1_442' title='bbox 810 4895 1151 4968; x_wconf 57' lang='grc' dir='ltr'>ῙΜΜΜΚΜΗ,</span> <span class='ocrx_word' id='word_1_443' title='bbox 1160 4873 1598 4973; x_wconf 56' lang='lat' dir='ltr'>hmdurtteusbumtsebus</span> <span class='ocrx_word' id='word_1_444' title='bbox 1627 4908 1675 4978; x_wconf 61' lang='grc' dir='ltr'>[Ἴ</span> <span class='ocrx_word' id='word_1_445' title='bbox 1693 4909 1911 4963; x_wconf 61' lang='lat' dir='ltr'>Uerrem-isit</span> <span class='ocrx_word' id='word_1_446' title='bbox 2046 4975 2059 4996; x_wconf 37' lang='lat'><strong><em>⁹</em></strong></span> <span class='ocrx_word' id='word_1_447' title='bbox 2130 4863 2135 4872; x_wconf 93' lang='lat'>·</span> 
     </span>
    </p>
   </div>
   <div class='ocr_carea' id='block_1_9' title="bbox 0 0 2710 6309">
    <p class='ocr_par' dir='ltr' id='par_1_10' title="bbox 0 0 2710 6309">
     <span class='ocr_line' id='line_1_43' title="bbox 0 0 2710 6309; baseline 0 7"><span class='ocrx_word' id='word_1_448' title='bbox 0 0 2710 6309; x_wconf 95' lang='lat' dir='ltr'> </span> 
     </span>
    </p>
   </div>
  </div>
 </body>
</html>
