5409 6309
1033 861 1330 934 '-⁴l(ld-
1475 915 1483 930 .

370 1065 681 1153 ordinacionem
703 1071 1055 1172 recognouemut.
1104 1059 1229 1162 Quod
1250 1062 1448 1144 videlicet
1476 1065 1568 1173 ipse
1595 1062 1794 1148 Nicolaus
1816 1062 2017 1173 Synoopcr

370 1180 666 1270 satisfaciendo
688 1208 763 1288 pro
785 1178 904 1263 totali
926 1181 1024 1265 dote
1046 1189 1089 1262 et
1111 1179 1306 1264 dotalicio
1343 1181 1556 1294 rebusque
1591 1191 1634 1266 et
1662 1180 1785 1266 bonis
1823 1183 2015 1267 omnibus

370 1301 643 1416 pereundam
666 1300 762 1383 olim
784 1299 962 1402 Anna'm,
985 1300 1297 1410 quomodolicet
1318 1300 1526 1382 derelictis
1562 1300 1735 1386 Nicolao
1772 1309 1814 1383 et
1848 1300 2012 1384 Thome

365 1422 566 1534 predictis
587 1423 697 1504 veris
721 1430 764 1501 et
784 1419 999 1529 legittimis
1038 1418 1147 1499 dicte
1178 1419 1300 1501 Anne
1336 1419 1666 1522 successoribus,
1696 1419 1806 1503 vltra
1842 1449 1893 1501 ea
1930 1446 2013 1528 que

366 1546 468 1652 ipsis
493 1541 608 1623 dedit
629 1552 677 1622 et
692 1539 962 1650 consignauit
983 1539 1082 1619 dare
1107 1549 1148 1621 et
1167 1538 1331 1621 soluere
1368 1539 1578 1623 tenebitur
1615 1537 1798 1622 Centum
1829 1552 1871 1621 et
1893 1542 2015 1648 quin-

367 1664 576 1773 quaginta
596 1686 759 1741 marcas
779 1664 948 1741 monete
971 1665 1014 1738 et
1033 1658 1196 1739 numeri
1216 1657 1516 1742 Polonicalium
1540 1666 1833 1741 consuetorum
1849 1657 2014 1740 realiter

367 1791 527 1864 etcum
551 1777 717 1881 effectu,
740 1777 885 1861 ordine
904 1772 1171 1888 infrascripto
1193 1774 1401 1860 Videlicet
1423 1779 1738 1888 quinquaginta
1754 1805 1918 1860 marcas
1939 1805 2013 1885 pro
2134 1817 2139 1824 ·

362 1900 469 1985 festo
492 1907 733 1981 sanctorum
754 1896 866 1979 Petri
889 1906 931 1977 et
950 1894 1069 1979 Pauli
1092 1896 1376 2005 apostolorum
1412 1900 1599 2007 proxime
1622 1895 1773 2001 futuru,
1809 1895 2012 2004 Reliquas

235 2121 242 2130 ,
360 2049 459 2110 vero
482 2019 665 2105 Centum
685 2043 862 2116 marcas,
894 2014 983 2097 Nos
1016 2015 1091 2123 qui
1120 2019 1160 2097 in
1190 2013 1302 2099 bona
1325 2019 1605 2125 pereundam
1643 2015 1857 2126 Synorcycz
1893 2016 2013 2100 nobis

362 2140 587 2226 reformata
606 2138 698 2247 ipso
720 2137 808 2218 rita
827 2132 974 2217 functo
998 2136 1229 2217 succedere
1252 2136 1469 2240 debemus,
1505 2144 1604 2247 post
1633 2136 1794 2219 obitum
1817 2135 1918 2216 dicti
1937 2135 2012 2218 Ni-

364 2260 469 2369 colaj
494 2258 707 2369 Synetoycz
727 2253 836 2337 intra
856 2252 1050 2364 quartale
1071 2256 1193 2336 vnius
1216 2257 1316 2337 anni
1338 2255 1499 2339 soluere
1516 2254 1763 2338 tenebimur.
1797 2251 2012 2361 Quasqui·
2123 2343 2130 2356 ,

363 2384 456 2464 dem
479 2377 662 2462 Centum
682 2402 860 2472 marcas,
898 2375 1056 2456 eisdem
1076 2374 1251 2458 Nicolao
1273 2383 1316 2455 et
1337 2372 1502 2457 Thome
1539 2401 1666 2484 super
1701 2374 1823 2459 bonis
1859 2374 2011 2457 nostris

361 2500 458 2584 villa
481 2492 635 2604 Coryna
656 2494 711 2607 (⁴)
735 2495 789 2576 ad
810 2518 886 2576 nos
909 2501 951 2574 et
970 2502 1136 2578 nostros
1158 2520 1427 2591 successores
1449 2496 1511 2576 sic
1531 2504 1579 2577 ut
1601 2494 1851 2605 premittitur
1870 2491 2012 2575 devol-

359 2620 499 2704 uenda
532 2615 804 2699 Inscribimus
826 2621 869 2693 et
888 2609 1175 2695 reformamus.
1208 2613 1265 2696 Et
1294 2640 1397 2696 casu
1428 2641 1512 2724 quo
1548 2616 1663 2724 ipsas
1687 2611 1869 2696 Centum
1901 2640 2011 2693 mar-

361 2767 432 2823 cas
453 2739 628 2822 Necnon
651 2732 968 2843 quinquaginta
988 2760 1152 2815 marcas
1169 2731 1368 2842 prefatas,
1389 2733 1425 2813 si
1440 2734 1553 2842 ipsas
1572 2734 1887 2844 quinquaginta
1902 2760 2011 2812 mar-

362 2887 433 2942 cas
474 2855 586 2938 idem
628 2853 826 2936 Nicolaus
868 2850 1068 2960 Synooycr
1103 2879 1187 2935 non
1209 2853 1382 2935 soluerit
1418 2853 1575 2937 eisdem
1611 2852 1785 2935 Nicolao
1816 2859 1858 2930 et
1894 2850 2011 2933 Tho·

359 3008 427 3061 me
443 3002 517 3085 pro
540 2986 728 3081 tempore
749 2972 983 3080 prescripto
1007 2970 1169 3055 soluere
1190 2972 1502 3082 negligeremus
1536 2980 1687 3053 extunc
1708 2971 1799 3081 ip'so
1820 2979 2010 3078 tempore
2062 3054 2069 3066 ,

358 3098 476 3208 lapso
497 3094 541 3175 in
562 3090 718 3174 dictam
739 3090 879 3173 villam
904 3086 1057 3197 Cocyno
1067 3091 1126 3172 eis
1135 3092 1483 3174 intromissionem
1502 3092 1758 3175 admittimus
1777 3089 2011 3196 damusque

359 3226 402 3298 et
422 3211 691 3297 concedimus
727 3219 869 3291 tenore
901 3212 1163 3316 presencium
1206 3212 1432 3308 mediante,
1475 3212 1703 3293 tenendam
1726 3223 1769 3294 et
1788 3211 2009 3318 possidene

360 3332 589 3419 damCum
610 3327 802 3412 omnibus
824 3339 868 3408 et
889 3329 1067 3438 singulis
1089 3329 1366 3440 proventibus
1400 3329 1612 3414 Censibus
1649 3330 1884 3412 redditibus
1906 3330 2007 3413 Pre-

361 3457 441 3540 dio.
473 3450 601 3563 Agris
623 3450 755 3560 pratis
777 3448 937 3555 campis
959 3448 1072 3531 siluis
1104 3449 1237 3533 borris
1260 3461 1302 3531 et
1321 3448 1560 3535 nemoribus
1589 3450 1767 3560 ¹Piscinis
1787 3448 2009 3558 piscaturis

354 3575 453 3659 riuis
476 3570 615 3680 fluuijs
632 3577 675 3649 et
696 3567 950 3652 torrentibus
972 3569 1220 3651 molendinis
1242 3581 1451 3654 eteorum
1474 3569 1765 3654 emolumentis
1787 3567 2004 3676 Mellificijs

357 3690 670 3776 Venacionibus
707 3697 751 3769 et
780 3688 1153 3795 aucupacionibus,
1183 3700 1225 3771 et
1247 3690 1336 3800 alijs
1359 3690 1701 3799 quibuscumque
1738 3687 2008 3772 obuencioni-

355 3813 436 3897 bus
458 3808 582 3892 nullis
600 3807 781 3890 exclusis
820 3804 1163 3919 quibuscumque
1197 3813 1435 3893 vocitentur
1469 3807 1706 3893 nominibus
1742 3837 1818 3918 per
1855 3837 1925 3893 eos
1958 3833 2007 3889 ac

357 3956 625 4016 successores
659 3953 804 4011 eorum
833 3925 1093 4044 Tenebimus
1129 3924 1375 4012 habendum
1410 3926 1711 4039 possidendum
1734 3958 1784 4010 ac
1805 3927 2005 4011 vtifrucn·

359 4052 458 4134 dum
478 4047 656 4159 pacifice
679 4055 722 4128 et
742 4047 897 4158 quiete,
919 4047 1114 4129 Tandem
1152 4073 1378 4156 quousque
1420 4049 1532 4131 dicte
1569 4048 1751 4135 Centum
1772 4076 1912 4131 marce
1933 4072 2007 4156 per

356 4197 432 4253 nos
470 4178 512 4250 et
547 4166 859 4279 quinquaginta
897 4194 1038 4248 marce
1075 4169 1111 4248 si
1147 4193 1223 4275 per
1255 4168 1436 4250 eundem
1473 4169 1694 4253 Nicolaum
1726 4165 1928 4278 Spoooycz
1959 4175 2006 4250 vt

354 4288 610 4399 premittitur
642 4286 775 4369 solute
806 4310 892 4368 non
922 4282 1076 4367 fuerint
1105 4286 1368 4398 integraliter
1397 4286 1550 4370 fuerint
1578 4287 1803 4400 persolute.
1842 4283 2005 4387 Quibus

355 4407 537 4494 Centum
569 4404 884 4515 quinquaginta
913 4407 1064 4486 marcis
1096 4406 1240 4490 solutis
1260 4434 1335 4516 per
1356 4433 1432 4492 nos
1453 4407 1520 4490 vel
1540 4432 1807 4492 successores
1841 4415 2004 4491 nostros
2114 4439 2117 4444 ·

353 4526 544 4637 predicte
563 4523 657 4607 ville
673 4525 885 4633 possessio
922 4523 976 4607 ad
1012 4550 1089 4608 nos
1120 4534 1163 4606 et
1182 4553 1450 4610 successores
1485 4535 1649 4612 nostros
1684 4526 1838 4610 redibit
1878 4526 2002 4635 pleno

353 4647 457 4731 Jure
478 4640 653 4727 Juriuus
675 4641 828 4726 nostris
849 4642 1163 4727 remanentibus
1199 4672 1365 4758 semper
1385 4644 1525 4728 saluis.
1577 4645 1742 4730 Harum
1764 4644 1917 4755 quibus
1940 4642 2004 4729 Si-

354 4765 498 4880 gillum
517 4770 705 4848 nostrum
727 4769 792 4842 est
812 4759 1125 4873 subappensum
1148 4764 1386 4849 testimonio
1406 4764 1648 4849 litterarum.
1679 4764 1840 4848 Datum
1858 4761 2003 4847 Cracc-

456 5016 495 5096 (⁴)
516 5014 671 5082 Fortasse
687 5014 765 5079 villa
778 5013 975 5102 parochialis
987 5017 1115 5092 Korinc.
1131 5015 1227 5085 hodie
1241 5016 1276 5083 in
1291 5015 1559 5085 Sakalbmiriensi
1573 5017 1705 5104 regione
1721 5018 1794 5084 sita.

1798 5119 1819 5161 ι
