5409 6309
1221 654 1597 817 ,fras-

586 957 593 969 ·
623 930 783 1021 donam
800 923 943 1015 terme
973 908 1136 1019 nullam
1166 920 1328 1009 ratione
1357 916 1590 1007 inventarii
1610 910 1662 1001 et
1675 912 1853 1001 aliorum
1883 912 2042 1000 habere
2063 920 2294 1028 potuimus,

622 1048 892 1139 nihilominus
916 1069 1014 1123 cunr
1035 1039 1220 1148 plurima
1239 1037 1435 1125 desolata
1463 1036 1645 1123 vidimus
1666 1042 1709 1122 ct
1732 1028 1902 1135 avulsa,
1924 1061 1977 1118 eo
1996 1035 2293 1149 intelleximus,
2338 1074 2344 1081 ·

621 1168 788 1253 vocatis
811 1161 866 1245 ad
886 1160 975 1245 Nos
1007 1159 1235 1247 Nobilibus
1267 1156 1511 1243 Heredibus
1545 1151 1931 1257 collatoribusqua
1962 1178 2062 1238 enm
2084 1155 2293 1243 de‘Privi-

617 1284 736 1394 legio
758 1283 1138 1389 interrogaremus,
1156 1285 1281 1387 prout
1301 1277 1416 1365 fama
1438 1277 1520 1361 suit
1539 1275 1656 1383 apud
1676 1270 1876 1359 Nobilem
1897 1269 2110 1357 Joannem
2131 1273 2293 1362 Wierr·
2332 1276 2338 1283 ’
2360 1316 2365 1339 =

622 1400 739 1505 biota
759 1397 971 1501 haesisse,
993 1396 1144 1489 sedata
1166 1398 1604 1498 controversiosam
1624 1388 1760 1477 Nobis
1781 1390 1894 1472 idem
1916 1389 2109 1477 loannes
2130 1393 2294 1480 Wiem·

623 1517 743 1623 bleta
758 1506 1035 1628 'produxisset
1056 1514 1330 1623 Privilegium
1350 1516 1395 1594 in
1415 1515 1686 1624 Pergameno
1718 1509 1980 1618 descriptum
2011 1509 2165 1622 sig-illo
2201 1540 2293 1597 ma·

617 1637 702 1746 jori
724 1648 767 1723 et
786 1636 936 1725 minori
955 1632 1185 1749 rnuuitum2
1205 1660 1285 1715 nee
1307 1632 1416 1719 illud
1436 1626 1571 1717 Nobis
1594 1630 1827 1715 concedere
1850 1625 2074 1733 voluisset,
2089 1657 2166 1713 nos
2183 1630 2294 1713 nihi·

345 1843 350 1854 ,
429 1768 436 1774 ’
567 1838 573 1847 ,
623 1755 807 1865 lominus
842 1780 919 1863 pro
954 1761 1102 1841 nostra
1133 1753 1370 1837 ‘securitate
1393 1759 1436 1835 et
1457 1751 1513 1837 ad
1532 1756 1785 1860 perpetuam
1819 1748 2064 1832 memoriam
2083 1748 2200 1832 villud
2231 1748 2288 1833 ad

626 1881 725 1954 acta
760 1872 1000 1985 praesentia
1032 1868 1302 1959 'Visitationis
1337 1870 1602 1957 inseruimus.
1640 1866 1800 1974 oujua
1836 1865 2054 1979 Privilegii
2083 1867 2139 1949 de
2158 1867 2290 1951 verbo

503 2042 508 2049 -
625 1993 818 2098 sequitur
840 1998 882 2069 et
903 1998 969 2069 est
991 1988 1135 2070 Tener
1155 1986 1266 2069 talis:
1828 1994 1831 1999 ’
2366 2089 2374 2095 .

730 2108 852 2191 Anno
889 2106 1197 2190 incarnationis
1234 2105 1407 2225 Domini
1441 2102 1685 2207 Millesimo,
1732 2103 2029 2187 trecentesimo
2075 2103 2294 2215 trigesimo

624 2226 767 2327 tertio,
805 2222 1017 2324 Quoniam
1053 2251 1176 2306 omne
1215 2225 1362 2305 datum
1405 2253 1431 2305 a
1460 2223 1555 2305 Deo
1591 2230 1676 2326 est,
1714 2223 1757 2304 in
1793 2221 1913 2330 cujas
1959 2223 2294 2332 recognitionem

550 2384 554 2389 ·
622 2343 794 2426 Domini
825 2345 965 2426 omnia
1001 2370 1077 2425 nos
1110 2352 1278 2449 opor-tet
1318 2350 1558 2449 praestare3
1603 2365 1714 2447 quae
1755 2367 1855 2424 vero
1896 2342 2186 2449 temporaliter
2217 2369 2316 2451 ge<

623 2471 785 2564 runtur‚
827 2489 879 2542 err
918 2461 1105 2555 humana
1150 2461 1351 2544 memoria
1398 2458 1656 2561 dilabuntur,
1687 2457 1768 2539 nisi
1802 2456 1981 2542 solemni
2031 2459 2157 2543 titulo
2197 2459 2294 2543 lite·

623 2607 767 2666 rarum
799 2588 841 2659 et
871 2580 1044 2659 testium
1086 2580 1359 2663 annotatione
1400 2578 1663 2662 roborentur.
1725 2575 1864 2686 Igitur
1899 2577 2160 2658 meminerint
2202 2574 2296 2660 tam'

623 2704 843 2804 presentes
896 2722 1025 2802 quam
1066 2695 1215 2798 futuri,
1268 2722 1377 2803 quos
1418 2698 1507 2779 Nos
1558 2694 1782 2805 Hedvigis
1820 2694 1903 2776 Dei
1974 2695 2083 2799 ratia
2123 2694 2294 2807 Regina

623 2810 831 2897 Poloniae
860 2821 902 2894 et
922 2814 1119 2923 specialis
1155 2812 1340 2897 Domina
1377 2812 1678 2918 haereditaria,
1713 2813 1898 2897 Domina
1930 2725 2086 2899 'letrae
2125 2812 2289 2897 Sande·
2376 2804 2380 2811 ’

436 3032 443 3049 .
624 2931 781 3035 censis,
803 2932 1013 3041 cupiendo
1035 2941 1083 3014 ut
1104 2931 1186 3013 Dei
1217 2933 1363 3017 Nostri
1395 2928 1712 3040 Omnipotensis
1744 2932 1929 3014 maxima
1959 2932 2096 3043 gloria
2124 2931 2287 3040 ubique

572 3085 582 3099 ¹
622 3048 813 3143 Iocorum
847 3059 1111 3161 propagetur
1130 3058 1175 3135 et
1197 3051 1351 3160 Ipsius-
1377 3050 1631 3160 Supremam
1660 3050 1906 3136 Dominium
1934 3051 2160 3154 recolatur,
2183 3076 2292 3161 quo·
2404 3068 2409 3077 “
2504 3058 2511 3069 ’

624 3169 739 3248 cirea
760 3168 802 3246 in
823 3168 928 3251 villa
950 3167 1233 3251 Jolorblcowr'ee
1251 3168 1320 3282 (2),
1340 3172 1383 3251 in
1407 3194 1495 3277 qua
1509 3167 1601 3275 jam
1631 3164 1874 3252 Ecclesiam
1904 3194 2058 3252 novam
2092 3168 2293 3251 aedifica·

623 3285 760 3371 vimus
783 3283 826 3363 in
847 3286 1048 3370 honorem
1085 3287 1223 3367 eidem
1258 3288 1352 3372 Deo
1395 3286 1687 3394 Omnipotenti
1708 3288 1790 3371 sub
1804 3288 1936 3372 titulo
1959 3287 2037 3373 SS.
2059 3286 2293 3398 Apostolo-

623 3427 717 3481 rum
737 3400 854 3483 Petri
875 3410 916 3482 et
936 3404 1080 3508 Pauli,
1116 3406 1440 3512 Presbyterumr
1474 3407 1548 3514 qui
1569 3406 1612 3485 in
1633 3406 1782 3487 eadem
1813 3406 2010 3489 Ecclesia
2040 3406 2195 3490 Divina
2216 3433 2292 3515 pe·

575 3524 583 3539 ⁸
624 3527 769 3629 ragat,
790 3519 1004 3624 locamus,
1028 3523 1084 3604 ad
1108 3550 1236 3630 quem
1256 3523 1554 3633 presbyterum
1575 3550 1680 3606 cura
1701 3526 1937 3607 animarum
1956 3535 2045 3608 tam
2066 3550 2120 3608 ex
2140 3525 2302 3607 eademv

624 3750 773 3834 praelati,
792 3750 1040 3850 quieeelesiam
1065 3753 1291 3835 visitaverant,
1309 3756 1360 3821 sui
1379 3754 1540 3840 telnporis
1567 3755 1808 3843 orthographia
1823 3756 1875 3821 usi
1891 3766 1978 3823 sunt·
2016 3756 2098 3841 sed,
2134 3756 2205 3822 uale
2226 3754 2292 3822 hoc

624 3843 753 3917 ternpus
768 3837 847 3899 furt?
863 3836 1040 3909 nescitve.
1062 3837 1160 3909 (bnt.
1176 3838 1385 3925 privilegiam
1398 3841 1496 3905 etiam
1509 3840 1677 3927 Hedvigia
1690 3842 1827 3927 reginae
1841 3842 1927 3906 infra
1942 3842 2063 3907 editum
2080 3779 2140 3906 suli
2156 3864 2186 3904 a.
2198 3842 2290 3904 1339.

729 3918 772 3998 (²)
794 3921 1003 3986 Jakaotowice
1019 3922 1097 3985 villa
1110 3922 1210 3986 hodie
1225 3925 1258 3987 in
1274 3923 1432 4006 Gallicis,
1462 3924 1539 3987 olim
1564 3927 1671 3990 suerat
1685 3926 1720 3991 in
1734 3925 1916 4009 palatinatu
1936 3925 2169 4007 Craeoviensi‚
2192 3923 2290 3990 terri·

623 4001 712 4099 torio
729 4000 946 4087 Sandeeensi‚
961 4006 1097 4091 regione
1114 4029 1194 4079 vero
1212 4006 1440 4083 anhouensi.
1477 4008 1602 4077 Omnes
1628 4009 1725 4079 villae
1741 4010 1782 4077 ad
1797 4011 1987 4101 parochiam
2003 4010 2196 4103 spectantes
2208 4030 2290 4108 pre·

622 4106 728 4151 xlmae
748 4096 834 4153 sunt.
876 4089 915 4179 lu
931 4092 999 4174 jam
1014 4088 1159 4155 laudato'
1176 4086 1390 4165 illustrissimi
1414 4091 1598 4169 Alexandri
1626 4093 1874 4163 Przez'dzieeeii
1896 4097 2034 4194 proprio
2051 4104 2291 4179 manuscriptot

603 4169 891 4261 „lionskrypcya
906 4175 1003 4238 miast
1019 4175 1103 4242 etc.''
1116 4178 1199 4244 anm
1212 4178 1292 4244 rete
1308 4176 1448 4264 legimus
1464 4188 1643 4262 sequentes
1657 4181 1753 4246 villas
1776 4180 1952 4265 parochiae
1967 4179 2292 4247 Jakubkowicensis:

623 4256 843 4334 donauwia,
858 4260 1062 4326 Joroazowlro'
1074 4261 1123 4342 (in
1138 4260 1201 4327 hac
1218 4264 1385 4347 erectione
1409 4274 1535 4346 nostra,
1551 4264 1632 4330 haec
1649 4266 1728 4335 villa
1742 4263 1829 4330 haud
1845 4265 1945 4363 dubio
1972 4266 2082 4330 Wollca
2097 4266 2292 4365 (aroanna
2439 4284 2446 4295 ·

563 4341 2290 4527 .-raonareaananonarationarii-nu,iterarunt
2391 4430 2399 4439 -

618 4522 722 4603 meas
731 4512 784 4574 vel
795 4513 892 4581 cellis
902 4512 1025 4601 legatur
1036 4513 1200 4597 saona).
1211 4516 1446 4583 Wroozmr'rowo
1459 4518 1687 4600 (inereetione
1710 4518 1990 4608 Wrocsymicrownt
2003 4527 2037 4584 et
2048 4516 2289 4596 merolanas).

624 4588 743 4689 yrllam
753 4594 930 4692 Zoitowiea
970 4622 1028 4664 uae
1044 4598 1078 4663 in
1094 4602 1264 4666 erectione
1279 4600 1411 4688 legitur,
1431 4603 1466 4668 in
1481 4603 1646 4669 indicibus
1661 4603 1810 4670 locorum
1825 4626 1853 4669 a.
1867 4605 1959 4689 loto,
1973 4604 2159 4668 invenimus
2173 4600 2291 4665 nnllam

618 4696 664 4763 ie
672 4676 933 4833 &imit-lello
981 4684 1153 4766 efficentia
1168 4685 1229 4761 end
1239 4684 1319 4759 ailla
1332 4686 1478 4771 ejusdem
1493 4689 1642 4765 aemuia
1652 4688 1695 4761 ad
1710 4688 1937 4763 ecelesiemin
1948 4689 2126 4761 viauae
2139 4685 2193 4753 bis
2206 4695 2291 4783 tem·

590 4780 765 4927 ffislt
780 4762 967 4852 westan
996 4765 1029 4847 A
1093 4768 1708 4862 avfflaeaaanaeuadaaagiaaa
1719 4770 2179 4860 murmuratam
2193 4779 2292 4843 anun
