5409 6309
588 1191 594 1204 “
690 1183 724 1246 ni
741 1182 823 1245 1237
839 1178 928 1258 (vide
944 1173 1081 1243 Codicis
1092 1174 1152 1236 nri.

1391 757 1556 880 fss--as
1609 845 1659 863 -

692 1033 833 1110 scopum
849 1005 1094 1110 die·S.·Urbsni
1120 1012 1353 1076 consecratum
1372 1025 1458 1072 esset
1481 1004 1567 1072 banc
1588 1005 1632 1071 ob
1650 1027 1794 1088 causam,
1824 1004 1913 1074 diem
1931 1013 2197 1081 consecrationis
2222 1015 2371 1102 ejusdem

692 1097 734 1162 25
750 1119 826 1179 map
841 1118 918 1159 anm
933 1094 1015 1158 1239
1030 1090 1144 1166 fuisse,
1170 1088 1562 1238 pupamusaeggachozlaus
1579 1111 1682 1188 senex
1697 1090 1739 1189 de
1755 1090 1884 1189 Sarpoe
1901 1079 2070 1216 (Zarndw)
2087 1099 2292 1167 Castellanus
2308 1125 2368 1167 an·

1203 1221 1210 1235 .
1237 1195 1329 1259 ‚pag.
1389 1175 1501 1258 )apud
1514 1174 1653 1239 doctiss.
1667 1184 1700 1240 et
1711 1174 2012 1244 illustrissflelcel.
2023 1180 2093 1262 (‚‚0
2105 1183 2289 1249 klasztorze
2305 1185 2368 1267 Je-

445 1331 455 1341 ,
577 1311 585 1320 -
650 1255 1027 1362 'drzejowskim''pag.
1044 1257 1346 1355 81-8‘1)ejusdem
1361 1259 1502 1324 nominis
1518 1269 1667 1341 quartus,
1682 1260 1717 1324 in
1732 1259 1900 1343 colloquio
1919 1263 2365 1352 Przedboriensi,palatinus

689 1347 858 1427 Vislwiss,
876 1347 958 1411 1239
965 1347 1033 1428 jam
1042 1341 1242 1426 mensejulro
1258 1342 1406 1425 ejusdem
1414 1344 1501 1422 anni,
1511 1342 1709 1408 castellanus
1720 1344 1993 1414 sandomiriensis
2006 1351 2073 1434 (ap.
2081 1351 2198 1417 Helcel
2206 1375 2281 1438 pag.
2296 1356 2366 1436 87);

687 1431 911 1499 Przedboriae
929 1439 1038 1510 autem
1048 1426 1247 1491 castellanus
1263 1426 1535 1492 sandomiriensis
1550 1427 1700 1494 Jacobus
1715 1429 1788 1492 fuit.
1824 1430 1919 1502 Haec
1945 1433 2160 1500 nonnullade
2176 1459 2288 1502 mense
2303 1459 2366 1502 no·

689 1516 750 1665 stpii
765 1514 945 1603 privilegii,
976 1511 1033 1595 qui
1062 1520 1232 1598 augustus,
1252 1510 1450 1596 september,
1466 1512 1616 1594 october,
1634 1512 1824 1596 november,
1834 1514 1895 1598 *val
1905 1514 2082 1583 december
2097 1521 2174 1584 anni
2192 1522 2366 1588 lassesco

689 1602 723 1666 vi
748 1611 832 1665 etur.

789 1682 962 1749 Prandota
974 1681 1009 1744 in
1021 1680 1211 1745 memoriam
1229 1679 1293 1744 sibi
1307 1681 1480 1745 revocavit
1508 1679 1782 1764 praedecessoris
1813 1681 1863 1747 sui
1885 1681 1998 1764 verba,
2024 1683 2059 1749 in
2080 1685 2257 1773 privilegio
2274 1687 2367 1771 quod

613 1787 633 1808 ·⁴
688 1791 789 1865 supra
808 1767 968 1848 dedimus,
1000 1764 1098 1829 dicta:
1133 1773 1190 1846 „et
1216 1763 1312 1827 aliam
1327 1761 1488 1828 decimam
1516 1764 1713 1848 ubicumque
1742 1763 1905 1865 elegerint
1933 1768 2021 1834 inter
2049 1768 2251 1838 hereditates
2281 1793 2365 1855 pro·

686 1875 777 1939 prras
793 1853 826 1916 in
841 1870 906 1915 unu
920 1849 1092 1916 villa''·-ot
1102 1848 1194 1914 'unde
1210 1848 1357 1914 decimae
1374 1848 1676 1937 Tropiszovienses
1695 1860 1805 1918 nostri
1819 1851 2011 1937 privilegii.

712 2456 781 2536 ln
808 2450 1091 2580 colloquio
1117 2468 1289 2550 super·
1311 2448 1626 2560 Muranum,
1654 2448 1748 2532 dte
1771 2402 1818 2540 21*
1836 2450 1970 2553 Aac.
1997 2431 2146 2536 124³
2155 2470 2333 2537 anno.

689 2636 955 2707 conradus
975 2635 1138 2708 ortuum
1159 2636 1193 2707 ot
1213 2634 1371 2707 maitiae
1399 2632 1653 2801 doprfflpilppo
1681 2634 1810 2706 avenn
1837 2633 2024 2707 numitoris
2045 2634 2253 2727 Structoemi
2268 2635 2357 2716 ou.

649 2927 657 2944 .
787 2895 839 2975 In
858 2894 1027 2977 nomino
1049 2900 1197 2975 sancte
1218 2901 1263 2975 et
1281 2891 1500 2976 indiuiduo
1520 2892 1718 2995 trinitatis
1740 2891 2012 2998 Amen.‚'Nos
2036 2891 2261 2975 Conradus
2285 2893 2356 2978 dei

671 3013 841 3122 gracia.
873 3012 973 3094 Dux
996 3011 1206 3095 Oracouie
1227 3019 1272 3092 et
1290 3009 1506 3094 Lanoioie.
1528 3022 1678 3096 notum
1698 3006 1878 3094 facimus
1900 3011 2105 3110 uniuersis
2128 3013 2354 3118 ‚presenti-

681 3131 763 3214 bus
785 3140 830 3212 et
849 3128 1012 3233 futuris²
1025 3130 1152 3240 ⁸quod
1171 3156 1248 3237 pro
1268 3130 1457 3214 remedio
1478 3140 1755 3238 peccatorum
1790 3140 2041 3216 nostrorum.
2077 3128 2132 3212 ob
2153 3157 2356 3212 reueren-

685 3249 795 3328 cism
836 3249 1121 3329 sacratissime
1156 3248 1333 3357 uirginis
1370 3247 1504 3330 Marie
1524 3252 1681 3332 matris
1721 3247 1801 3329 dei.
1850 3247 2188 3356 Congregationi
2230 3274 2354 3346 sacre

686 3365 1068 3448 sanctimonialium
1104 3367 1260 3449 ordinis
1280 3363 1398 3448 beati
1418 3363 1643 3450 Benedicti
1662 3366 1920 3473 Monasterij.
1945 3366 1998 3446 de
2019 3362 2211 3446 Stanzdek
2243 3365 2350 3462 Ora·

684 3483 898 3593 ccuiensis
915 3481 1141 3591 Dyocesis‚
1162 3510 1289 3591 super
1307 3481 1527 3567 libertates
1550 3488 1653 3569 alias
1676 3511 1785 3596 quas
1821 3482 2062 3592 specialiter
2083 3484 2122 3563 ei
2146 3481 2353 3568 dedimus.

683 3599 766 3682 hec
787 3630 873 3712 que
894 3600 974 3683 sub
1011 3610 1158 3701 tenore
1186 3602 1375 3712 presenti
1411 3601 1690 3705 declarantur,
1725 3602 1915 3712 benigne
1953 3609 1996 3683 et
2033 3597 2275 3683 liberaliter.
2299 3603 2352 3685 de

632 3793 634 3798 ,
677 3713 825 3801 fauore
847 3721 1034 3802 omnium
1054 3718 1507 3803 nostrorumbaronum
1527 3720 1792 3807 conferimus.
1813 3722 2110 3828 inperpetuum
2130 3719 2353 3826 possiden·
2424 3789 2429 3808 .

684 3835 751 3918 da.
773 3837 976 3919 videlicet
1002 3847 1050 3920 ut
1070 3866 1216 3923 omnes
1251 3839 1389 3924 incole
1427 3849 1470 3920 et
1504 3841 1812 3923 inhabitatores
1850 3840 2035 3922 omnium
2067 3836 2260 3917 uillarum
2297 3839 2353 3921 ad
2391 3892 2399 3904 ·

591 4009 600 4022 -
680 3955 817 4066 ipsam
839 3959 1217 4068 congregationem
1236 3958 1558 4064 pertinencium.
1581 3959 1637 4042 ab
1660 3955 1854 4043 omnibus
1885 3954 2050 4038 iudiciis
2083 3953 2351 4040 castellano:

632 4103 640 4116 “
678 4100 774 4186 rum
806 4085 849 4156 et
869 4074 1155 4159 Palatinarum
1190 4076 1280 4157 siue
1317 4077 1493 4159 aliorum
1523 4103 1890 4188 quorumcumque
1929 4074 2131 4156 iudicum.
2171 4074 2345 4182 penitus
2471 4111 2477 4124 ·

678 4195 763 4276 sint
785 4194 979 4302 exempti.
1003 4203 1047 4276 et
1067 4192 1320 4279 abomnibus
1343 4194 1418 4306 (ab
1441 4189 1653 4306 omnibus)
1677 4189 2014 4304 expeditionibus
2048 4200 2090 4272 et
2111 4198 2348 4275 castrorum

679 4311 1020 4408 edificationibus
1041 4316 1133 4395 siue
1154 4313 1433 4397 solutionibus
1464 4325 1587 4397 struae
1621 4313 1809 4423 plenarie
1846 4309 2043 4393 absoluti.
2081 4318 2225 4417 preter
2263 4310 2363 4393 hoc*
2425 4371 2434 4422 3
2469 4353 2473 4358 ·

679 4430 795 4539 quod
816 4432 872 4512 ad
892 4431 1158 4539 presenciam
1178 4441 1368 4517 nostram
1389 4434 1782 4544 quocienscumque
1803 4428 1920 4511 citati
1940 4424 2096 4508 fuerint
2111 4427 2255 4520 littera
2269 4453 2348 4509 no·

680 4556 780 4626 stra.
801 4575 948 4632 coram
983 4550 1107 4634 nobis
1144 4577 1391 4662 comparere
1429 4561 1472 4633 et
1501 4551 1679 4634 iudicari
1714 4546 1982 4631 tenebuntur.
2026 4543 2345 4628 Confirmamus
2434 4565 2439 4576 “

570 4671 576 4684 “
679 4664 815 4754 eciam
837 4666 974 4747 eidem
994 4667 1264 4755 Monosterio.
1288 4696 1434 4754 omnes
1455 4669 1575 4753 villas
1598 4678 1641 4751 et
1659 4667 1930 4752 hereditates.
1967 4690 2077 4775 quas
2108 4662 2278 4772 patroni
2300 4669 2346 4746 et

780 4863 824 4944 (¹)
845 4862 897 4929 Ex
912 4862 1094 4950 archetypo
1109 4865 1359 4934 membranaceo
1373 4870 1411 4935 in
1424 4867 1588 4933 tabulario
1612 4865 1806 4933 monasterii
1834 4860 2078 4943 Staniatoeusis
2101 4868 2274 4928 asservato
2290 4858 2349 4925 de·

679 4946 816 5036 scripsit
830 4947 968 5016 doctiss.
992 4947 1181 5015 Slawn'rski.
1202 4949 1352 5039 Sigillum
1368 4962 1402 5018 et
1415 4952 1553 5019 funiculi
1567 4951 1808 5019 desiderantur.
