5409 6309
41 4538 44 4591 i

42 4598 45 4627 ι

205 4846 209 4853 ’
368 4911 376 4929 .
427 4776 472 4913 (i)
494 4826 596 4896 willa
612 4827 801 4921 Tepoborzc,
823 4820 1024 4919 parochialis
1046 4826 1144 4896 etiam
1163 4822 1198 4894 in
1212 4822 1443 4913 antiqua·regi

1030 760 1311 843 “1897-

337 966 442 1059 villa
463 966 764 1068 Jokoikowice,
804 990 936 1076 quam
956 967 1051 1051 aliis
1071 963 1186 1051 villis
1234 964 1557 1071 Wrocimirowc,
1586 970 1763 1078 domne,
1793 967 2009 1079 leronimi
2149 980 2153 995 ‘

339 1102 470 1200 quam
504 1082 696 1177 locorum
727 1087 1095 1197 exstirpandorum
1114 1088 1158 1169 in
1178 1089 1317 1196 iisque
1338 1089 1580 1201 horninibus
1604 1084 1777 1175 Oolonis
1800 1093 2007 1180 locandos.

335 1236 428 1294 rum
449 1214 559 1293 seria
580 1208 638 1323 (i)
670 1207 897 1316 spectabit.
949 1204 1034 1290 Oui
1054 1200 1312 1315 Presbytero
1332 1210 1377 1289 in
1398 1208 1641 1294 Parochum
1662 1220 1806 1294 erecto
1829 1214 1881 1295 de
1904 1241 2011 1297 con«

336 1356 466 1413 sensu
485 1325 832 1433 nostrospsciuli
852 1334 898 1408 et
918 1324 1108 1410 Consilio
1128 1326 1226 1409 DD.
1249 1324 1466 1410 Beronum
1486 1324 1729 1410 nostrorum
1748 1334 1793 1409 et
1815 1330 2005 1436 aliorum,

335 1444 494 1532 Nostra
535 1474 641 1556 erga
680 1440 821 1526 Deum
863 1441 1211 1554 Omnipotentem
1253 1447 1524 1529 edevotione
1546 1438 1589 1525 et
1609 1444 1821 1551 profunda
1864 1450 2006 1559 Ipsius

337 1564 533 1674 Supremi
568 1564 740 1647 Domini
776 1565 1088 1673 recognitione,
1123 1586 1200 1674 pro
1233 1566 1562 1646 stustentatione
1584 1570 1629 1642 et
1651 1564 1868 1649 dotatione
1900 1569 2007 1669 dieti

335 1676 580 1794 Presbyteri
610 1704 688 1765 seu
717 1683 901 1767 Paroehi
920 1682 963 1763 in
982 1682 1133 1764 iisdem
1165 1684 1287 1767 bonis
1319 1678 1489 1766 Nostris
1513 1685 1720 1767 donamus
1743 1692 1786 1764 et
1809 1689 2006 1795 assigna·-

187 1796 189 1803 ’
335 1829 431 1885 mus
450 1830 527 1912 pro
545 1804 644 1886 dote
661 1798 874 1913 perpetua
883 1794 1025 1910 Ipsius
1043 1810 1085 1882 et
1101 1800 1290 1910 eJ‘usdsm
1311 1800 1533 1901 Ecclesiae
1550 1801 1706 1884 Aream
1728 1798 2019 1888 Plebanalem·

337 1927 382 2001 et
402 1919 557 2004 irmdos
580 1924 629 2002 in
643 1923 769 2004 dictis
800 1921 956 2005 nostris
988 1918 1132 2023 bonis,
1162 1921 1367 2004 videlieet
1395 1920 1567 2005 Laneos
1589 1930 1676 2003 tres
1698 1922 2004 2007 emensurstosr
2138 1932 2142 1939 '

334 2030 385 2122 In
407 2034 558 2123 eadem
578 2041 682 2126 villa
703 2027 982 2121 Jobrbboruice
1004 2038 1198 2121 Lausum
1219 2064 1353 2121 unum
1373 2040 1417 2119 in
1437 2040 1616 2150 longum
1637 2034 1668 2120 a
1688 2039 1809 2123 Colis
1834 2042 2007 2124 Sudoruc

335 2148 450 2244 dicto
471 2182 547 2269 pro
569 2160 851 2268 extirpatione
872 2157 1099 2268 designato
1120 2157 1177 2240 ad
1198 2159 1375 2240 fluvium
1405 2158 1603 2240 Lososina
1631 2158 1872 2265 extensum,
1904 2162 2006 2243 cum‘

335 2276 502 2362 duobus
526 2278 710 2364 subditis
729 2280 773 2361 in
794 2278 928 2360 hocce
950 2276 1100 2360 Laneo
1123 2268 1235 2393 sitis,
1256 2274 1393 2357 latum
1412 2289 1512 2361 'vero
1536 2306 1562 2358 a
1582 2279 1707 2359 metis
1728 2279 1855 2361 villae
1876 2282 2005 2361 sacr»
2043 2332 2045 2335 -

334 2423 381 2477 ne
403 2406 448 2478 et
468 2395 747 2481 Jabukooice
766 2397 811 2476 in
832 2393 1011 2479 formam
1031 2396 1170 2480 Ounei
1190 2406 1233 2479 et
1253 2396 1369 2484 uitro
1389 2392 1515 2506 prout
1535 2394 1606 2478 vie
1619 2392 1795 2504 publica
1811 2401 1866 2480 ad
1882 2406 2012 2481 moni

332 2521 422 2596 tem
443 2540 591 2600 versus
624 2513 899 2626 Tdoopoborze
921 2512 977 2627 (³)
1010 2511 1237 2611 dueentem
1261 2517 1463 2617 decurrit,
1484 2528 1750 2623 protensum3
1775 2519 1881 2598 etin
1900 2514 2006 2600 villa

333 2631 528 2715 Losoairo
562 2635 735 2717 laneum
771 2634 1026 2733 secundum,
1064 2635 1305 2748 incipiendo
1343 2633 1582 2742 apraefato
1613 2658 1721 2745 agro
1751 2636 1795 2715 in
1824 2634 2003 2747 longum

246 2808 254 2819 .
333 2779 361 2834 a
381 2752 452 2833 via
487 2752 665 2861 publica
701 2780 731 2834 a
748 2755 905 2850 Locrus
943 2750 999 2832 ad
1035 2750 1267 2836 Lorosiirom
1304 2755 1476 2837 ducenti
1514 2746 1569 2833 ad
1605 2753 1779 2834 fluvium
1809 2752 2004 2834 Lososiua
2095 2831 2105 2845 x

332 2878 575 2977 extensum,
596 2882 641 2953 et
660 2872 798 2955 tribus
836 2869 1019 2953 subditis
1041 2872 1084 2951 in
1105 2876 1255 2955 eadem
1290 2870 1395 2955 villa
1424 2866 1619 2950 Lososr'so
1641 2872 1755 2952 cirea
1774 2867 2002 2951 Praedium

331 2987 460 3072 villae
496 2988 668 3091 locatis,
706 3016 806 3071 cum
846 2990 981 3097 pratis
1018 2989 1098 3072 sub
1134 2997 1279 3072 monte
1302 2988 1475 3070 Sodowe
1496 2984 1611 3069 dicto
1634 2988 1676 3067 in
1697 2986 1823 3068 laneo
1844 2987 2002 3069 ibidem

330 3105 438 3189 sitis.
500 3107 695 3189 Tertium
728 3106 926 3190 Laneum
945 3106 989 3186 in
1018 3098 1160 3203 Wotka
1196 3104 1447 3192 Jorostorodo
1469 3132 1572 3203 eumd
1589 3102 1794 3215 Ometonc
1817 3131 1903 3189 uno
1923 3130 2001 3190 no·

331 3223 441 3308 viter
461 3225 652 3327 exculto,
689 3225 814 3334 sylva
848 3222 1006 3307 ibidem
1042 3228 1304 3308 excrescenti
1338 3226 1446 3306 inter
1475 3232 1563 3315 tres
1593 3223 1826 3333 profundos
1862 3221 2001 3306 fontes

241 3356 244 3367 “
330 3342 493 3427 rieirros
515 3344 571 3425 ad
590 3350 728 3425 metas
749 3340 880 3427 villae
901 3338 1079 3423 Sur-duit
1101 3347 1185 3427 sita
1206 3353 1249 3425 et
1268 3338 1512 3428 molendino
1541 3340 1726 3426 inferiori
1746 3342 1828 3425 sub
1849 3343 2002 3424 eadem·
2156 3402 2160 3412 .

200 3532 202 3536 .
330 3460 454 3569 sylva
475 3468 519 3541 et
538 3470 682 3555 monte
704 3462 806 3565 sito,
838 3484 915 3544 seu
945 3460 1050 3542 alias
1089 3463 1275 3545 eundem·
1306 3461 1611 3570 Presbyterum
1633 3461 1687 3542 ad
1708 3484 1882 3569 presens
1903 3462 2001 3545 ‚Pe-

327 3586 442 3663 trum
465 3578 517 3678 de
541 3578 718 3663 Soudecr
737 3581 967 3689 ipsiusque
986 3586 1181 3690 posteros
1217 3581 1438 3665 Perochos
1465 3579 1770 3663 medietatibus
1801 3579 1999 3663 villarum

179 3742 182 3749 ⁴
328 3702 741 3809 praenominatarmn
771 3698 977 3798 Lososiuo,
1012 3688 1290 3781 Jokodkozoice
1310 3710 1355 3782 et
1384 3694 1529 3780 Woiico
1559 3695 2012 3791 Jorostowlco'Montis,

331 3817 547 3924 sistemus,
563 3827 608 3899 et
623 3820 669 3900 in
681 3845 837 3928 noram
857 3816 1112 3905 Perochiam
1129 3819 1187 3898 eri
1223 3819 1232 3836 ⁰
1256 3819 1454 3901 volumus
1476 3826 1519 3898 et
1536 3818 1851 3920 contendimus,
1867 3825 2000 3924 atque

329 3936 429 4019 huie
448 3937 682 4021 Paroehise
703 3938 829 4022 villas
848 3937 1032 4021 Nostrae
1063 3936 1197 4018 Jatoo
1215 3936 1363 4038 tuobe,
1386 3935 1604 4036 hosomo,
1624 3936 1799 4052 Locrus,
1823 3930 1997 4035 Besso,
2082 4004 2086 4013 a

330 4051 624 4154 Idicdulczowu
655 4053 1022 4163 Wroczymirroroo,
1039 4054 1272 4155 Zbikowr'ce,
1297 4050 1545 4136 Wronowr‘ce
1566 4064 1614 4135 et
1629 4064 1858 4161 utramque
1887 4049 2002 4133 Woo
2036 4152 2040 4157 ἱ

328 4172 380 4254 ko
401 4194 499 4253 eum
522 4164 746 4255 Stoukowo
766 4174 1059 4282 adjungimus,
1081 4200 1134 4254 ex
1156 4174 1316 4281 quibus
1336 4172 1447 4257 villis
1470 4172 1666 4257 omnibus
1689 4166 1869 4280 aliisque
1890 4173 2001 4254 locis
2154 4261 2157 4267 ‚
2201 4192 2207 4205 ’
2260 4234 2264 4245 .

328 4292 594 4400 extirpandis
612 4298 657 4371 et
677 4284 898 4404 extirpatis
918 4284 1156 4374 Perochiae
1175 4293 1279 4373 huie
1296 4288 1523 4402 subjectis,
1561 4300 1846 4400 campestrem
1881 4289 2000 4369 deci*

323 4434 440 4492 mam
461 4409 766 4495 frumentorum
786 4410 974 4494 omnium
996 4408 1189 4492 Paroeho
1210 4406 1411 4493 moderno
1427 4406 1555 4493 Petro
1573 4411 1625 4491 de
1644 4410 1819 4492 Soudecz
1833 4408 1996 4517 ipsius·
2081 4494 2084 4499 ,

328 4552 416 4636 que
433 4528 621 4614 Posteris
642 4554 721 4638 pro
734 4527 937 4612 'Portionc
960 4520 1004 4607 et
1027 4524 1125 4611 dote
1146 4530 1457 4647 perpetualiter
1473 4524 1675 4612 habenda
1706 4528 1995 4615 concedimus.

1843 4770 1862 4807 Ο

1446 4848 1509 4894 one
1525 4822 1747 4911 Ozehovensb
1763 4827 1901 4897 nuncin
1917 4822 1994 4895 Gei-

322 4909 408 5007 ¹102,
