5409 6309
1430 867 1483 885 -
1532 830 1611 906 ris
1660 792 1743 933 -Ῐ

742 1033 924 1118 haerede
957 1034 1009 1116 de
1039 1026 1325 1132 Nerodzimice,
1368 1030 1537 1135 Joanne
1569 970 1635 1115 de,
1651 1027 1923 1117 Porolt'loowice
1954 1031 2219 1142 haeredibus,
2241 1041 2285 1118 et
2304 1032 2395 1146 alys

743 1177 875 1263 quam
895 1150 1086 1262 pluribus
1107 1148 1287 1233 testibus
1308 1150 1394 1234 fide
1416 1151 1568 1264 dignis.

1493 1554 1648 1676 CLIX.

1019 1815 1469 1901 marociae-10
1486 1814 1786 1903 Februarii
1802 1813 1943 1903 1³28
1959 1836 2125 1901 urano.

790 1976 1031 2113 Alter-tus
1046 2036 1148 2111 solu
1161 2036 1332 2110 iuuenis
1346 2054 1416 2110 ron
1429 2035 1748 2234 mappic
1768 2035 1861 2112 vilre
1875 2033 2294 2112 reuocauerunt
2307 2056 2343 2114 re

713 2354 717 2369 ’
843 2324 893 2410 In
915 2322 1081 2408 nomine
1101 2319 1273 2405 Domini
1292 2320 1441 2406 Amen.
1478 2322 1567 2407 Nos
1588 2320 1790 2432 Albertus
1810 2320 1893 2406 Dei
1912 2323 2118 2432 patientia
2137 2322 2287 2408 Abbas
2306 2352 2393 2410 una

741 2473 837 2529 cum
870 2444 1094 2529 Conventa
1122 2439 1366 2550 Monsstery
1396 2440 1640 2551 Tynecensi
1667 2441 1826 2527 Notum
1856 2438 2033 2525 facimus
2054 2453 2141 2525 tam
2161 2443 2393 2552 praesenti·

738 2564 821 2649 bus
852 2591 982 2675 quam
1012 2561 1162 2644 futuris
1194 2560 1349 2671 quibus
1382 2561 1552 2671 expedit
1582 2561 1807 2666 universis,
1830 2558 2052 2663 Quomodo
2074 2563 2392 2648 considerantes

743 2682 844 2766 dicti
873 2681 1006 2765 nostri
1033 2679 1276 2789 Monastery
1306 2679 1540 2788 profectum
1563 2692 1604 2765 et
1623 2681 1847 2766 utilitatem
1867 2683 1910 2763 in
1930 2681 2037 2765 villis
2061 2691 2102 2782 et
2122 2678 2242 2766 bonis
2262 2681 2391 2767 inira·

738 2800 907 2912 scriptis
929 2828 1024 2882 cum
1045 2798 1255 2883 Dobkone
1277 2796 1461 2882 haerede
1484 2800 1525 2881 in
1547 2796 1700 2885 Buczol
1720 2797 1773 2914 (a)
1805 2798 1983 2883 facimus
2004 2811 2047 2883 et
2066 2799 2241 2884 fecimus
2273 2830 2391 2887 com·

739 2923 1015 3004 mutationem
1035 2919 1231 3003 videlicet
1250 2945 1326 3027 pro
1347 2918 1574 3002 medietate
1596 2921 1733 3005 dictae
1753 2919 1878 3003 villae
1894 2917 2048 3002 Baezol
2059 2921 2223 3004 iacente
2245 2949 2270 3002 a
2290 2949 2392 3033 par·

737 3050 780 3124 te
800 3040 919 3123 villae
941 3048 1107 3122 nostrae
1197 3034 1252 3151 (³)
1271 3063 1365 3119 cum
1386 3039 1514 3144 ereis,
1530 3038 1661 3123 hortis
1684 3048 1725 3121 et
1744 3039 1950 3123 universis
1972 3041 2189 3125 structuris
2210 3046 2254 3122 et
2274 3039 2391 3133 aedi·

737 3156 844 3269 ficys
864 3160 906 3240 in
930 3158 1078 3242 eadem
1097 3142 1327 3241 medietate
1346 3154 1498 3241 locatis
1520 3187 1571 3240 ac
1591 3157 1819 3243 intervallis
1851 3157 2084 3270 spatijsque
2105 3170 2244 3242 terrae
2335 3154 2389 3273 (⁴)

739 3280 847 3363 areis
867 3302 1004 3383 usque
1027 3278 1082 3360 ed
1101 3278 1241 3361 littora
1260 3275 1377 3386 fluvy
1400 3277 1502 3359 dicti
1522 3277 1751 3365 Tsozenz‘czo
1770 3278 1998 3389 protensio,
2035 3279 2109 3386 qui
2139 3278 2292 3363 fluvius
2312 3278 2390 3362 ha·

737 3397 813 3481 bet
835 3397 999 3479 etfacit
1020 3398 1064 3477 in
1086 3397 1200 3478 dicta
1233 3394 1333 3478 villa
1368 3393 1548 3480 Bonczul
1568 3392 1665 3511 (sie)
1706 3406 1892 3480 meatum
1988 3393 2042 3509 (³)
2075 3407 2117 3479 et
2148 3398 2386 3485 Molendino

738 3546 834 3601 cum
854 3515 1025 3629 piscinis
1046 3516 1089 3597 in
1112 3541 1369 3626 quecunque
1400 3526 1520 3625 parte
1552 3515 1652 3597 dicti
1682 3514 1798 3625 fluvy
1818 3514 1897 3600 fuit
1915 3516 2072 3619 locata,
2094 3515 2163 3601 vel
2182 3519 2225 3599 in
2245 3526 2389 3627 poste-

735 3667 829 3722 rum
849 3636 1002 3718 fuerint
1021 3633 1200 3717 locanda
1295 3632 1349 3748 (⁰)
1371 3633 1582 3718 Dobkone
1604 3645 1646 3718 et
1666 3636 1795 3743 ipsius
1832 3632 2156 3720 Successoribus
2191 3636 2389 3746 exceptis,
2469 3650 2474 3659 ’

738 3784 866 3865 super
897 3782 1008 3865 quae
1038 3752 1158 3838 nobis
1190 3763 1233 3836 et
1262 3754 1414 3838 nostris
1449 3752 1775 3838 Successoribus
1811 3755 1972 3839 nullum
1995 3784 2045 3838 ex
2066 3756 2304 3865 praemissis
2324 3757 2389 3841 lo·

738 3903 834 3957 care
868 3871 1029 3977 licebit,
1071 3873 1217 3957 damus
1240 3883 1283 3956 et
1304 3871 1515 3977 dedimuS,
1544 3873 1900 3983 incorporavimus
1936 3873 2131 3960 Dobconi
2170 3872 2387 3983 saepefato

739 4003 790 4090 et¹
821 3995 907 4076 suis
935 3991 1132 4104 legitimis
1165 3990 1489 4076 Successoribus
1526 3992 1828 4102 perpetualiter
1868 3996 2187 4104 appropriamus
2229 3993 2389 4079 adscri-

736 4113 886 4216 bentes
916 4110 1059 4194 villam
1088 4110 1318 4222 vulgariter
1347 4110 1640 4222 nuncupatum
1662 4111 1858 4195 Lz’sowr’ec
1887 4142 2083 4222 parvum,
2112 4122 2238 4224 prout
2257 4124 2324 4199 est
2343 4116 2388 4201 in

736 4234 823 4337 suis
854 4232 1043 4345 granitys
1079 4240 1123 4315 et
1155 4230 1380 4315 Limitibus
1410 4230 1454 4311 in
1482 4233 1657 4343 longum
1697 4228 1915 4343 latumque
1937 4234 2094 4317 situata
2125 4260 2176 4317 ac
2207 4233 2387 4319 circum·

736 4350 1005 4449 ferentialiter
1046 4353 1263 4455 distincta,
1294 4379 1392 4433 cum
1434 4352 1547 4434 omni
1588 4348 1691 4434 Jure
1724 4361 1766 4434 et
1797 4350 1997 4456 dominio,
2033 4352 2149 4464 quod
2189 4351 2312 4439 nobis
2342 4350 2388 4437 in

736 4474 882 4558 eadem
903 4472 1004 4558 villa
1024 4470 1306 4579 competebat.
1357 4466 1408 4552 ln
1430 4472 1548 4553 cuius
1569 4471 1628 4554 rei
1649 4471 1933 4555 testimonium
1955 4482 1998 4555 et
2018 4464 2271 4559 evidentiam
2297 4468 2387 4584 ple·
2453 4495 2458 4505 ·

735 4597 891 4678 niorem
913 4601 1103 4677 nostrum
1125 4599 1167 4673 et
1186 4590 1319 4676 nostri
1349 4588 1596 4677 Conventus
1619 4587 1771 4705 Sigilla
1789 4592 2083 4700 praesentibus
2098 4604 2204 4680 ,sunt
2225 4620 2386 4703 appen-

839 4830 878 4907 p,
901 4823 1130 4911 Apographon
1145 4848 1165 4892 a
1178 4824 1399 4912 Bepkowscio
1415 4823 1617 4911 descriptum
1629 4822 1813 4893 habuimus.

840 4909 1214 5080 lzlllllulldddlllnlum
1228 4913 1369 4980 ecclesia
1382 4908 1576 4998 parochiali,
1591 4910 1667 4977 olim
1680 4909 1850 4980 Biecensis
1865 4910 2010 4999 regionis
2027 4912 2147 4992 (loro).
