5409 6309
1404 866 1448 884 -
1490 828 1574 908 ,452
1624 863 1674 884 ‹-

681 1023 689 1042 '
729 1043 782 1126 ad
803 1039 1008 1151 granieies
1049 1029 1281 1137 storosczlca,
1322 1026 1378 1116 ab
1419 1030 1541 1115 oriali
1575 1027 1760 1141 granicis
1788 1025 2065 1142 „tpsclroloyrka
2100 1033 2155 1116 ad
2176 1034 2351 1122 totalem
2382 1037 2401 1060 ”

728 1159 956 1270 granieiem
977 1150 1210 1237 Starosozlco
1226 1160 1268 1235 et
1287 1179 1479 1261 eampum
1512 1178 1563 1232 ae
1595 1177 1720 1232 arwm
1751 1146 1964 1258 dobloroste
1996 1151 2166 1261 dempto
2195 1182 2354 1268 magno

727 1303 846 1377 erwo‚
879 1274 992 1383 quod
1022 1264 1101 1356 sibi
1136 1275 1335 1355 remansit
1363 1272 1474 1353 idem
1504 1267 1651 1354 nobilis
1680 1267 1910 1352 bernardus
1940 1296 2017 1377 pro
2046 1272 2220 1384 triginta
2246 1301 2355 1360 rner-

726 1396 786 1478 eis
822 1391 917 1506 (sie)
948 1392 1125 1503 pecunie
1156 1390 1428 1473 communiter
1466 1390 1508 1471 in
1537 1412 1670 1498 regno
1709 1389 1929 1500 currentis,
1967 1416 2063 1471 oum
2105 1396 2216 1483 omni
2253 1395 2353 1496 iure,

724 1507 977 1624 proprietate
1008 1521 1050 1593 et
1080 1510 1258 1594 dominio
1287 1518 1413 1618 prout
1442 1507 1553 1591 solus
1591 1506 1736 1590 tenuit.
1779 1505 1906 1589 nichil
1936 1505 2017 1590 sibi
2046 1505 2199 1594 ibider'n
2239 1539 2353 1595 rese·

723 1632 882 1717 ruendo
923 1657 1001 1712 neo
1042 1629 1127 1710 suis
1155 1628 1369 1740 legittimis
1401 1624 1714 1710 suecessoribus
1742 1634 1947 1734 perpetue
1978 1633 2020 1708 et
2049 1627 2090 1709 in
2131 1657 2247 1714 ewm.
2298 1630 2354 1714 Et

723 1755 806 1835 iem
841 1750 922 1834 sibi
952 1747 1066 1831 dedit
1094 1747 1440 1830 intromissionem
1470 1773 1543 1855 per
1572 1743 1882 1838 ministerialem
1921 1753 2159 1829 terrestrem
2188 1753 2354 1834 nomine

726 1871 902 1957 Paulum
923 1876 978 1949 'et
1004 1894 1080 1975 per
1107 1865 1242 1975 ipsum
1265 1862 1424 1956 Sdboolc
1459 1864 1639 1967 tenendi,
1670 1861 1865 1967 habendi,
1895 1864 2120 1949 utifruendi
2139 1876 2354 1977 perpetue.

725 1989 782 2073 Et
799 1991 935 2099 ipsum
958 1985 1084 2068 debet
1103 1985 1208 2064 tueri
1229 1982 1284 2065 ab
1308 1983 1417 2065 omni
1437 1982 1718 2093 inpedimento
1741 1982 1961 2068 cuiuslibet
1991 2007 2168 2094 persone
2204 2014 2356 2071 secun·

612 2127 615 2132 ·
727 2109 825 2190 dum
855 2116 964 2187 terre
995 2103 1360 2187 eonswetudinem.
1420 2100 1471 2185 In
1502 2102 1619 2185 ouius
1648 2103 1709 2186 rei
1738 2103 2017 2188 testimonium
2048 2103 2185 2215 sigillo
2213 2117 2356 2191 nostra

724 2235 822 2310 sunt
860 2221 1122 2334 presentibus
1160 2221 1443 2330 subappensa.
1503 2220 1660 2303 Datum
1690 2223 1733 2303 in
1763 2217 1882 2304 lublt'o
1912 2221 2014 2305 feria
2044 2223 2230 2307 secunda
2261 2253 2357 2337 pro·

723 2345 836 2429 ximo
870 2351 966 2452 post
1000 2338 1153 2423 festum
1183 2352 1422 2449 sonptorum
1452 2339 1566 2424 Petri
1596 2347 1638 2420 et
1667 2339 1785 2424 Pauli
1816 2342 2111 2450 apostolorum,
2143 2372 2251 2429 anno
2282 2345 2356 2430 do·

723 2465 823 2547 mini
852 2460 1066 2545 millesimo
1109 2459 1522 2569 quadringentesimo
1554 2460 1867 2570 septuagesimo
1898 2462 2089 2570 septimo.
2149 2463 2357 2548 Prosenti·

724 2581 805 2664 bus
838 2581 1053 2692 generosis
1087 2585 1129 2660 et
1158 2575 1369 2663 nobssibus
1400 2577 1526 2662 Petro
1558 2587 1601 2662 et
1638 2575 1833 2661 Joh'anne
1873 2577 2145 2689 Korynetiet‚
2175 2581 2353 2667 Martino

727 2701 779 2782 de
801 2697 1011 2810 Osctr'jmp‚
1041 2696 1237 2782 «Iohanne
1269 2697 1321 2780 de
1352 2693 1564 2800 Jos'ttlcow,
1595 2695 1761 2782 Jacobo
1793 2693 2017 2810 Kooynslcz'j
2047 2699 2100 2781 de
2128 2697 2376 2798 Jocabowi-¹

727 2845 788 2901 cre
816 2814 895 2931 (⁹),
925 2813 955 2898 J
959 2817 1122 2899 ohanne
1156 2807 1521 2925 Crzesctymowokij
1549 2814 1602 2930 (³)
1635 2825 1677 2900 et
1714 2816 1803 2926 alijs
1845 2845 1972 2931 quam
2014 2817 2202 2929 pluribus
2233 2819 2354 2907 nobi·

723 2935 831 3021 libus
853 2937 965 3019 eirea
993 2935 1196 3044 premissa
1224 2933 1307 3018 fide
1340 2933 1491 3045 dignis.
1556 2969 1562 2983 ·
2286 2949 2291 2964 '
2472 2914 2489 2951 ⁹

928 3135 999 3224 Jo.
1022 3133 1213 3277 Kyonoky

1028 3283 1198 3369 proprra
1215 3285 1354 3342 menn.

827 3491 865 3572 (²)
888 3490 1088 3558 Jantoois:
1103 3490 1136 3557 in
1152 3491 1306 3558 moderna
1318 3491 1508 3558 Lublinensi
1522 3491 1691 3576 provincie
1704 3499 1772 3557 tres
1787 3501 1865 3558 sunt
1876 3494 2022 3581 ejusdem
2048 3495 2188 3562 nominis
2202 3494 2307 3578 villos,
2323 3497 2355 3563 in

723 3576 944 3655 Krssnioensi‚
960 3576 1210 3645 Lubartoviensi
1225 3589 1259 3644 et
1271 3576 1462 3645 Lublinensi
1475 3576 1618 3662 regione.

826 3662 865 3742 (³)
888 3660 1021 3741 Nobilis,
1037 3663 1092 3748 qui
1107 3664 1141 3729 in
1155 3664 1300 3749 proxime
1315 3663 1527 3750 praecedente
1542 3661 1659 3742 tabula,
1671 3660 1841 3732 Johrnnes
1856 3661 1895 3730 de
1911 3662 2310 3754 aaszimooappellatur.
2362 3693 2367 3702 ·
