5409 6309
1293 716 1657 870 &roa-

684 1011 828 1068 rorum
863 980 1107 1065 memoriam
1138 976 1382 1086 supradicte
1407 973 1620 1086 ,Magistre
1633 974 1834 1058 *dedimus
1856 984 2001 1061 nostro
2023 977 2159 1088 sigillo
2181 979 2356 1078 robure·

684 1110 786 1184 tam.
846 1098 1002 1180 Actum
1022 1097 1067 1176 in
1090 1091 1285 1177 draconta
1307 1120 1416 1176 anno
1445 1093 1613 1202 domini.
1646 1093 1721 1176 Ma
1746 1094 1854 1179 0⁰0.
1875 1093 2061 1178 LXXII.
2084 1098 2356 1206 presentibus

563 1271 568 1274 -
684 1219 764 1300 hiis
800 1239 980 1327 quorum
1017 1214 1189 1296 nomina
1225 1228 1325 1295 sunt
1359 1213 1455 1295 ista.
1493 1205 1661 1294 Comes.
1700 1211 1840 1295 Wars.
1878 1213 2145 1304 castellanus.
2184 1213 2353 1299 Comes.
2412 1237 2420 1258 ¹

683 1334 892 1440 Neustup.
929 1331 1154 1440 palatinus.
1192 1329 1516 1414 Oraeouienses.
1555 1327 1710 1439 Comes
1759 1328 2052 1415 Scarbimirus.
2100 1333 2354 1415 castellanus
2432 1363 2439 1377 ·
2475 1317 2483 1343 ²

685 1452 737 1533 de
782 1447 963 1558 Woynic.
1002 1448 1157 1532 Comes
1193 1473 1416 1557 poznanus
1448 1446 1556 1530 filius
1587 1445 1788 1529 sulkonis.
1827 1445 1982 1533 Comes
2027 1447 2272 1561 Sbigneuus
2302 1450 2354 1532 de

682 1566 827 1652 Kdow.
850 1564 1212 1682 Comeshinzirus
1235 1563 1332 1676 (sic)
1355 1574 1400 1646 et
1420 1562 1488 1672 alij
1512 1558 1817 1674 qnamphres.
2101 1569 2105 1576 '
2279 1603 2284 1608 ·

1125 2033 1167 2118 A
1374 1997 1610 2126 'livit
1725 2087 1728 2090 .
1782 2007 1785 2010 ’

1186 2215 1268 2304 30
1293 2217 1492 2301 Martii
1515 2217 1660 2306 12²4
1686 2238 1853 2303 anno.

725 2373 949 2498 ‘ra-iu·
963 2421 1128 2514 naam
1141 2419 1556 2494 mammam
1569 2418 1786 2494 maana
1800 2417 2292 2520 cenomannensem
2404 2403 2409 2409 “

923 2562 931 2572 κ
995 2539 1122 2595 nemas
1136 2521 1368 2613 episcopatum
1381 2521 1465 2595 siliis
1480 2522 1634 2590 Preciana
1650 2525 1684 2594 et
1699 2523 1973 2630 Koaakimatert
1987 2525 2042 2605 (¹).
2277 2564 2291 2586 .

787 2697 1004 2782 Universis
1026 2694 1082 2778 ad
1103 2714 1284 2807 quorum
1306 2673 1509 2786 noticiam
1526 2693 1795 2807 presencium
1816 2707 1936 2780 tenor
1955 2679 2207 2807 pervenerit.
2239 2695 2350 2779 Pau·

583 2873 586 2880 ·
683 2819 748 2902 lus
766 2816 834 2899 dei
850 2815 996 2927 ¹gracia
1014 2812 1308 2899 Oracoviensis
1324 2813 1566 2925 Episcopus
1585 2811 1776 2902 Salutem
1792 2816 1835 2896 in
1852 2814 2349 2922 dominossempiternam.

790 3048 833 3129 (¹)
853 3045 906 3113 Ex
936 3045 1088 3130 sequenti
1108 3054 1316 3131 transumpto
1347 3046 1437 3133 regis
1467 3044 1673 3128 Sigismundi
1698 3045 1807 3131 primi,
1832 3046 1924 3130 quod
1946 3045 1982 3111 in
1996 3043 2174 3111 'fabularis
2197 3041 2305 3131 Regni
2318 3043 2354 3110 in

683 3131 893 3280 libriskdictis
915 3131 1086 3217 „Metryki
1100 3130 1272 3196 koronne”
1294 3130 1377 3214 (rol.
1393 3134 1446 3214 48,
1460 3130 1517 3196 fol.
1534 3132 1611 3211 949)
1634 3146 1834 3216 asservatur,
1857 3131 2038 3217 descripsit
2055 3130 2227 3220 'Antonius
2240 3129 2354 3196 Musa·
2405 3169 2410 3180 ·

613 3257 619 3270 ι
801 3239 823 3279 ι,
1328 3257 1333 3277 .
1781 3261 1783 3266 .

681 3219 776 3284 kows
789 3300 850 3379 „In
866 3301 998 3366 nomine
1014 3299 1140 3364 domini
1155 3322 1259 3365 amen.
1294 3300 1351 3366 Ad
1373 3308 1567 3398 perpetuam
1581 3299 1632 3363 rei
1647 3300 1845 3365 memoriam.
1871 3300 1976 3365 Facta
1992 3297 2160 3364 bominum
2183 3306 2371 3381 quantum,

684 3403 824 3467 eumque
839 3383 1065 3449 memorabilia
1080 3383 1168 3449 delet
1183 3405 1222 3448 ac
1239 3383 1351 3449 obruit
1377 3382 1502 3448 obhvio
1520 3382 1585 3448 nisi
1598 3383 1633 3448 in
1648 3383 1762 3451 literas
1785 3385 1980 3450 referantur.
1995 3404 2035 3448 ac
2051 3381 2170 3448 deinde
2192 3379 2352 3467 temporis

682 3477 848 3559 vetustate
862 3468 1075 3533 labefactata
1099 3468 1310 3533 innoventur.
1350 3466 1491 3534 Proinde
1509 3489 1573 3532 nos
1587 3468 1821 3555 sigismundus
1835 3468 1890 3538 dei
1904 3470 2019 3555 gracia
2039 3467 2111 3532 Rex
2133 3465 2271 3532 Polonie
2287 3476 2352 3532 etc.

594 3557 625 3594 Ψ
683 3575 814 3619 necnon
842 3563 1003 3619 terrarum
1019 3561 1082 3617 etc.
1102 3550 1256 3618 dominus
1272 3562 1305 3618 et
1318 3552 1428 3619 heres.
1467 3550 1502 3616 Si
1528 3552 1829 3620 nificamustenore
1846 3552 2055 3639 presencium
2077 3550 2196 3635 quibus
2219 3549 2353 3637 expedit

682 3638 846 3704 universis
862 3646 896 3702 et
911 3637 962 3702 sin
988 3635 1050 3703 ulis
1066 3645 1130 3701 ete.
1162 3635 1249 3718 Quia
1264 3635 1472 3703 Venerabilis
1532 3636 1659 3706 lbertns
1682 3636 1723 3702 de
1747 3638 1894 3704 Glodawo
1916 3635 2034 3702 Abbas
2060 3636 2257 3719 Monasterji
2280 3632 2351 3702 An·
2384 3649 2388 3654 '

684 3721 945 3820 drzecwiensia
964 3659 1124 3819 imbuit
1140 3741 1251 3821 eoram
1266 3721 1365 3788 nobis
1379 3719 1493 3819 literas
1501 3721 1767 3823 'pergameneaa
1779 3722 1866 3786 inira
1880 3722 2033 3806 scriptas.
2050 3719 2163 3819 ‚Pauli
2178 3718 2298 3786 clirnE
2321 3720 2352 3785 i-

684 3804 1521 3975 titt.§tulleruntliutbaldus&
1541 3802 2351 3982 til⁸03¹ssttl⁰tttttltiffltttgi..itti

683 3992 752 4039 ras.
770 3972 892 4038 illesas.
907 3973 941 4038 et
955 3972 996 4038 ab
1012 3974 1101 4038 omni
1116 3973 1308 4060 suspicione
1322 3996 1462 4060 prorsus
1478 3972 1613 4040 alienas.
1651 3975 1923 4061 &applicavitque
1955 3973 2052 4039 nobis
2070 3973 2157 4038 idem
2172 3971 2352 4039 abbae-ue

682 4080 739 4124 eas
752 4056 845 4143 ipsas
860 4058 973 4124 literas
987 4058 1139 4144 innovarj
1158 4058 1322 4123 mandare.
1339 4058 1603 4143 auctoritateque
1633 4069 1750 4126 nostra
1774 4060 1881 4146 Regia
1908 4059 2104 4124 confirmare
2132 4056 2352 4146 dignaremur.

683 4141 829 4226 Quarum
855 4141 986 4226 quidem
1000 4141 1167 4207 literarum
1183 4153 1280 4209 tenor
1294 4142 1348 4208 hic
1365 4144 1513 4227 sequitur
1529 4153 1563 4208 et
1578 4153 1630 4209 est
1644 4144 1750 4222 talis’s
1773 4145 1857 4226 (Huc
1867 4144 1985 4231 privile
2008 4148 2072 4208 iam
2090 4144 2171 4229 quod
2184 4142 2307 4230 supra).
2339 4219 2344 4226 ⁴

711 4263 719 4293 ι
786 4225 877 4310 „Nos
904 4227 1015 4310 itaque
1039 4225 1272 4313 sigismundus
1287 4228 1359 4293 Rex
1374 4229 1522 4314 prefatus
1539 4227 1782 4313 supplicacioni
1796 4226 1917 4314 prefati
1942 4169 2071 4294 abdatis
2081 4236 2240 4309 tanquam
2254 4225 2350 4292 iuste.

680 4311 825 4398 benigne
854 4320 1047 4377 annuentes.
1077 4312 1280 4397 preinsertas
1309 4312 1424 4378 literas
1452 4312 1603 4398 innovarj
1630 4313 1779 4380 fecimus.
1810 4312 2073 4396 auctoritateque
2096 4320 2214 4378 nostra
2236 4310 2351 4409 Regia
2371 4321 2388 4344 ·'
2416 4333 2421 4342 ·

665 4396 948 4481 approbavimus.
964 4396 1198 4463 ratificavimus
1213 4406 1247 4463 et
1262 4398 1538 4464 confirmavimus.
1555 4420 1594 4463 ac
1610 4396 1723 4472 harum
1740 4398 1827 4464 serie
1841 4395 2019 4463 literarum.
2034 4394 2254 4480 approbamus
2269 4405 2349 4459 ratr-
2372 4468 2377 4472 ,
2452 4403 2457 4409 ’

681 4480 816 4562 ficamus
831 4491 865 4545 et
879 4482 1123 4548 confirmamus.
1154 4480 1373 4547 decernentes
1405 4480 1515 4544 omnia
1530 4491 1563 4547 et
1579 4482 1756 4570 singulam
1772 4483 1821 4548 eis
1837 4490 1995 4548 contenta
2015 4480 2049 4544 in
2069 4501 2207 4563 quorum
2229 4501 2291 4544 usu
2312 4501 2351 4545 sc
2476 4527 2481 4536 .

680 4565 898 4649 possessione
928 4566 1120 4631 continuata
1134 4575 1169 4630 et
1182 4565 1323 4650 pacifica
1348 4565 1588 4631 Monasterium
1603 4575 1637 4633 et
1652 4577 1837 4633 conventus
1865 4564 2153 4634 Andr-reowiensis
2180 4560 2350 4646 hocusque

681 4646 754 4711 nit.
769 4646 871 4712 robur
884 4647 995 4713 debite
1011 4658 1045 4713 et
1058 4657 1218 4734 perpetue
1249 4650 1411 4716 firmitatis
1433 4647 1586 4714 habitura
1605 4671 1690 4717 esse.
1727 4652 1767 4717 In
1780 4652 1875 4720 cuins
1891 4652 1940 4717 rei
1954 4647 2179 4717 testimonium
2208 4646 2370 4746 sigillum⁸

684 4739 835 4796 nostrum
863 4729 1074 4816 presentibus
1098 4743 1149 4799 est
1164 4756 1206 4831 ap
1231 4757 1354 4800 ensuna
1390 4735 1513 4799 Datum
1538 4732 1702 4802 macerie
1728 4735 1876 4821 Sabbata
1903 4747 1980 4801 ante
1999 4736 2119 4801 festum
2135 4731 2351 4800 Sancussime

684 4815 853 4880 trinitatis.
888 4817 989 4881 Anno
1005 4815 1131 4881 domini
1146 4757 1322 4884 Millisimo
1349 4817 1632 4903 quingentessimc
1656 4820 1830 4908 trigesimo
1855 4821 1973 4886 tercio.
2009 4820 2118 4908 Regni
2142 4816 2248 4883 nostri
2262 4833 2363 4881 anno-

683 4898 846 4986 vigesimo
863 4899 1014 4984 septimo.
1033 4900 1250 4976 Presentibns
1271 4902 1391 4985 quibus
1406 4900 1536 4987 supra.”
2092 4914 2098 4920 “
