5409 6309
1381 716 1432 824 ..ζ
1487 770 1558 846 los
1610 807 1660 826 ..

795 972 920 1056 1302.
951 971 1003 1054 In
1025 970 1143 1052 cuius
1173 966 1346 1053 visionis
1374 942 1662 1054 testimonium
1684 968 1740 1052 ad
1759 968 2013 1052 instanciam
2049 970 2358 1083 honorabilium

687 1088 976 1203 dominorum..
997 1087 1202 1197 prepositi
1223 1095 1266 1168 et
1284 1084 1461 1170 fratrum
1483 1088 1635 1175 domus
1653 1083 2016 1199 Mestrianus-(⁸)
2039 1090 2196 1173 ordinis
2217 1080 2357 1179 sancti

684 1205 867 1315 sepulcri
886 1213 1107 1313 presentes
1127 1205 1287 1287 litteras
1307 1206 1594 1314 predictarum
1615 1204 1849 1288 litterarum
1870 1206 2137 1289 continentes
2158 1214 2358 1294 transcri-
2442 1278 2446 1283 .

684 1333 803 1431 ptum
824 1321 917 1405 fieri
936 1320 1113 1404 fecimus
1135 1331 1178 1404 et
1198 1329 1436 1409 nostrorum
1467 1323 1700 1434 sigillorum
1733 1320 2064 1430 appensionibus
2096 1330 2355 1411 communiri.

496 1484 501 1492 ·
570 1422 609 1529 J
683 1440 845 1522 Datum
880 1435 1074 1532 Crocoaic
1094 1442 1138 1523 in
1159 1442 1342 1524 crastino
1378 1439 1508 1524 beate
1543 1440 1788 1549 Margarete
1823 1439 1998 1549 virginis
2035 1440 2161 1526 Anno
2199 1443 2355 1527 domini

682 1557 760 1644 M⁰.
786 1555 937 1643 000⁰.
959 1558 1161 1641 secundo.

787 1788 832 1867 (θ)
853 1788 1032 1870 Miraberis,
1047 1789 1195 1857 Misellos
1210 1788 1370 1874 oppidum
1382 1790 1400 1855 5
1413 1788 1572 1856 milliariis
1594 1810 1615 1854 a
1630 1788 1794 1856 Cracovia
1809 1788 1949 1871 disum,
1961 1788 2122 1881 territorii
2135 1789 2353 1876 regionisque

666 1924 671 1933 .
686 1880 795 1956 eaput.

1193 2314 1198 2327 -
1328 2236 1337 2259 ·
1429 2246 1642 2413 Lxxlt

862 2493 871 2508 ·
946 2415 1443 2570 Sondornirs'oc-ti
1465 2482 1722 2567 octobris
1739 2442 1891 2572 1:302
1910 2436 2077 2569 anno.

598 2662 604 2673 ἱ
678 2704 786 2776 tonas
799 2676 981 2796 Mardus
995 2700 1273 2796 (briensmjms
1297 2705 1416 2770 Wietka
1439 2704 1526 2769 Wirs
1540 2700 1647 2773 rissrn
1665 2718 1754 2772 suan
1786 2704 2011 2792 Wsprzynowa
2027 2658 2229 2796 Wojcisclcri
2251 2680 2350 2776 itast
2480 2732 2490 2747 ¹

761 2803 925 2877 ldrllnb
946 2798 1031 2879 dioto
1053 2804 1218 2879 wicum
1233 2807 1267 2877 et
1281 2804 1371 2876 ttstri
1392 2803 1632 2994 ‘mlii
1652 2796 1791 2901 resiluit
1804 2807 1839 2874 rt
1847 2803 2089 2896 lustraturus
2103 2804 2262 2877 locum

686 3100 692 3121 ’
778 3077 830 3160 In
851 3079 1019 3162 nomine
1042 3077 1200 3162 demini
1218 3076 1371 3160 Amen:
1405 3077 1523 3171 (lum¹
1545 3064 1762 3160 mobilitas*
1787 3076 1989 3185 temporis
2021 3085 2176 3158 cuncta
2196 3066 2345 3161 secum

674 3197 976 3308 precipitatus
996 3197 1185 3279 humana
1205 3204 1333 3306 gesta
1346 3195 1625 3279 instabilitate
1646 3193 1848 3302 temporis
1870 3222 1897 3275 a
1912 3195 2114 3297 memoria
2129 3193 2370 3279 hominum·

677 3316 897 3397 elabantur
917 3314 1054 3397 solent
1071 3341 1179 3398 voce
1200 3316 1374 3396 testium
1404 3339 1572 3396 necnon
1601 3305 1831 3395 munimine
1851 3313 2154 3420 scripturarum
2177 3310 2347 3420 publice

675 3429 911 3515 confirmari
942 3430 1124 3515 Proinde
1154 3457 1233 3513 nos
1262 3430 1533 3538 Dissicrcyas
1567 3431 1777 3512 dominus·
1793 3422 1855 3510 ac'
1876 3428 1999 3536 heres
2022 3430 2073 3512 de
2103 3426 2268 3511 Veloces
2288 3428 2343 3541 (θ)
2455 3516 2458 3527 ,

637 3558 819 3635 ,nomm
852 3554 965 3652 esse,
1001 3546 1196 3631 volumus
1234 3547 1428 3630 omnibus
1464 3548 1729 3657 presencium
1766 3548 1966 3630 noticiam
1986 3547 2193 3629 habituris
2216 3540 2344 3643 Quod

672 3694 751 3752 nos
771 3666 914 3749 villam
934 3674 1122 3747 nostram
1149 3660 1391 3777 qurr'novc
1407 3663 1463 3776 (ὅ)
1494 3673 1783 3775 nuncupatam
1815 3665 1941 3783 sitam
1971 3667 2017 3746 in
2046 3666 2206 3748 ducatu
2239 3663 2344 3749 Ora·
2423 3764 2426 3769 ,
2557 3628 2560 3637 ¹

777 3880 821 3960 (¹)
842 3877 1067 3944 Doctissimus
1095 3876 1274 3945 Slswir'rslri
1298 3876 1440 3943 tabulam
1467 3876 1552 3942 hanc
1577 3878 1756 3963 descripsit
1775 3901 1816 3943 ex
1832 3875 2014 3963 archetypo
2041 3875 2292 3944 membranaceo
2308 3877 2341 3942 in

672 3961 886 4028 celeberrima
899 3960 1102 4043 bibliotheca
1117 3962 1336 4028 Daikouiensi
1350 3963 1385 4027 in
1400 3961 1551 4044 Gallicis,
1568 3963 1725 4028 comitum
1741 3962 2031 4027 Tarnowsciorum
2050 3971 2232 4027 assewato:
2246 3959 2340 4048 sigil-

671 4046 736 4112 lum
751 4046 858 4111 minus
873 4046 909 4111 in
923 4045 1070 4112 funiculo
1093 4047 1204 4112 serico
1227 4046 1319 4112 rubri
1340 4046 1477 4128 coloris,
1501 4048 1594 4114 cuius
1617 4047 1762 4133 insignia
1782 4046 1914 4133 penitus
1930 4045 2051 4130 deletu,
2066 4045 2243 4131 inscriptio
2259 4066 2341 4115 vero

671 4151 826 4215 sequens:
850 4128 886 4195 S.
898 4133 1021 4217 ¹corm‘tis
1036 4132 1194 4197 dirsiorci.

773 4215 817 4296 (²)
843 4214 981 4296 Veloues,
1004 4215 1161 4295 Vettones,
1179 4214 1340 4279 Polonioe
1356 4212 1443 4278 haud
1460 4213 1562 4279 dubio
1585 4211 1704 4278 Wiellco
1719 4219 1801 4281 sciet.
1838 4214 1875 4279 ln
1893 4212 2029 4296 antiquo
2046 4212 2264 4281 Crscoviensi
2278 4234 2338 4298 pa-

666 4298 813 4377 latinatu,
829 4297 910 4364 urbs
925 4298 1106 4376 Messania,
1123 4299 1274 4364 Micobdw
1285 4297 1435 4384 regionis
1450 4296 1716 4378 Xia‘tensisur‘st
1732 4297 2027 4385 (poniatXiaski),
2038 4307 2071 4363 et
2086 4298 2236 4384 regionis
2251 4299 2336 4363 e'us·

667 4383 742 4448 dem
767 4381 864 4448 villae
898 4383 1094 4471 Woprzyndw
1120 4402 1194 4446 cum
1220 4382 1416 4464 Josirnairo,
1442 4382 1491 4447 uti
1520 4374 1699 4448 Slawirlski
1714 4383 1823 4449 docet.
1861 4383 1955 4448 Hanc
1972 4381 2015 4445 ob
2032 4404 2168 4446 causam
2183 4391 2217 4446 et
2255 4382 2262 4397 '

538 4481 541 4484 ’
674 4467 794 4532 Wielkc
804 4471 896 4543 sciet,
924 4487 1008 4549 quae
1022 4464 1123 4530 hodie
1140 4474 1193 4530 est
1207 4464 1470 4543 Miechoviensis
1486 4467 1652 4551 regionis,
1669 4476 1703 4531 et
1719 4469 1813 4550 cujus
1827 4466 1973 4537 ecclesia
1992 4464 2193 4551 parochialis
2208 4466 2243 4530 iu
2259 4467 2340 4547 xasa

604 4584 610 4595 ,
665 4551 764 4615 wiolti
777 4550 956 4632 invenitur,
982 4549 1069 4614 hanc
1094 4557 1241 4614 nostram
1265 4549 1376 4614 villam
1410 4551 1541 4615 Velcwcs
1559 4550 1690 4616 comitis
1705 4551 1871 4616 Dirsicrai
1884 4572 1970 4620 esse,
1986 4549 2083 4615 nobis
2098 4550 2241 4616 videtur.
2275 4550 2339 4615 Est

666 4632 753 4698 enim
771 4642 806 4698 et
820 4633 884 4699 alia
906 4634 1027 4700 Wisllso
1041 4637 1112 4700 roias
1126 4635 1161 4699 in
1175 4633 1369 4700 Ileussiensi
1384 4635 1522 4721 regione
1540 4644 1573 4702 et
1588 4634 1670 4701 aliae
1687 4634 1834 4720 ejusdem
1848 4634 1992 4701 nominis
2007 4635 2042 4698 in
2058 4633 2241 4719 palatinatu
2256 4632 2338 4701 san·
2403 4718 2408 4733 s
2477 4644 2484 4655 “

667 4715 1050 4951 ᾶοωιῗῧηῗήἕημόω,
1072 4800 1172 4866 hodie
1188 4800 1266 4865 villa
1279 4802 1441 4867 territorii
1455 4801 1655 4885 Kielcensis,
1685 4802 1834 4955 remis
1862 4801 2149 4886 Jsdrzejoviensis
2176 4799 2234 4883 (de
2263 4799 2338 4867 Au·

598 4954 608 4973 ι
666 4881 893 4968 drsjovra-vr
952 4886 1171 4969 praemissum
1188 4884 1400 4973 privilegium
1415 4886 1468 4952 ΝΟ.
1483 4878 1731 4973 Xlelparoc
1821 4908 1902 4954 vero
1917 4882 2014 4952 villae
2031 4886 2195 4955 obesam

1736 5195 1738 5198 .
1804 5112 1856 5175 οι.
